{"e":"bookTicker","u":1875301568520,"s":"TURBOUSDT","b":"0.3261","B":"226654.3","a":"0.3262","A":"75762.5","T":1662022800005,"E":1662022800010}
{"e":"bookTicker","u":1875301569631,"s":"TURBOUSDT","b":"0.3261","B":"225425.1","a":"0.3262","A":"75762.5","T":1662022800043,"E":1662022800046}
{"e":"bookTicker","u":1875301570849,"s":"TURBOUSDT","b":"0.3261","B":"227705.9","a":"0.3262","A":"75762.5","T":1662022800066,"E":1662022800071}
{"e":"bookTicker","u":1875301571263,"s":"TURBOUSDT","b":"0.3261","B":"231021.4","a":"0.3262","A":"75762.5","T":1662022800071,"E":1662022800076}
{"e":"bookTicker","u":1875301572386,"s":"TURBOUSDT","b":"0.3261","B":"230069.2","a":"0.3262","A":"75762.5","T":1662022800084,"E":1662022800088}
{"e":"bookTicker","u":1875301572649,"s":"TURBOUSDT","b":"0.3261","B":"231021.4","a":"0.3262","A":"75762.5","T":1662022800086,"E":1662022800092}
{"e":"bookTicker","u":1875301573310,"s":"TURBOUSDT","b":"0.3261","B":"231021.4","a":"0.3262","A":"85262.5","T":1662022800092,"E":1662022800097}
{"e":"bookTicker","u":1875301574300,"s":"TURBOUSDT","b":"0.3261","B":"227930.6","a":"0.3262","A":"85262.5","T":1662022800102,"E":1662022800106}
{"e":"bookTicker","u":1875301574332,"s":"TURBOUSDT","b":"0.3261","B":"226978.4","a":"0.3262","A":"85262.5","T":1662022800103,"E":1662022800107}
{"e":"bookTicker","u":1875301578171,"s":"TURBOUSDT","b":"0.3261","B":"224697.6","a":"0.3262","A":"85262.5","T":1662022800148,"E":1662022800152}
{"e":"bookTicker","u":1875301578620,"s":"TURBOUSDT","b":"0.3261","B":"220093.0","a":"0.3262","A":"85262.5","T":1662022800154,"E":1662022800159}
{"e":"bookTicker","u":1875301578734,"s":"TURBOUSDT","b":"0.3261","B":"228250.8","a":"0.3262","A":"85262.5","T":1662022800155,"E":1662022800160}
{"e":"bookTicker","u":1875301579204,"s":"TURBOUSDT","b":"0.3261","B":"228250.8","a":"0.3262","A":"83299.4","T":1662022800161,"E":1662022800165}
{"e":"bookTicker","u":1875301579228,"s":"TURBOUSDT","b":"0.3261","B":"233090.4","a":"0.3262","A":"83299.4","T":1662022800161,"E":1662022800167}
{"e":"bookTicker","u":1875301579902,"s":"TURBOUSDT","b":"0.3261","B":"233090.4","a":"0.3262","A":"85598.7","T":1662022800176,"E":1662022800179}
{"e":"bookTicker","u":1875301580633,"s":"TURBOUSDT","b":"0.3261","B":"233090.4","a":"0.3262","A":"76098.7","T":1662022800188,"E":1662022800192}
{"e":"bookTicker","u":1875301580783,"s":"TURBOUSDT","b":"0.3261","B":"233090.4","a":"0.3262","A":"66598.7","T":1662022800193,"E":1662022800198}
{"e":"bookTicker","u":1875301588404,"s":"TURBOUSDT","b":"0.3261","B":"232602.7","a":"0.3262","A":"66598.7","T":1662022800295,"E":1662022800300}
{"e":"bookTicker","u":1875301588935,"s":"TURBOUSDT","b":"0.3261","B":"232385.9","a":"0.3262","A":"66598.7","T":1662022800304,"E":1662022800309}
{"e":"bookTicker","u":1875301593591,"s":"TURBOUSDT","b":"0.3261","B":"232060.8","a":"0.3262","A":"66598.7","T":1662022800388,"E":1662022800394}
{"e":"bookTicker","u":1875301594320,"s":"FISHUSDT","b":"0.13378","B":"2500","a":"0.13380","A":"47","T":1662022800404,"E":1662022800408}
{"e":"bookTicker","u":1875301595086,"s":"TURBOUSDT","b":"0.3261","B":"232044.7","a":"0.3262","A":"66598.7","T":1662022800421,"E":1662022800425}
{"e":"bookTicker","u":1875301595368,"s":"TURBOUSDT","b":"0.3261","B":"232126.2","a":"0.3262","A":"66598.7","T":1662022800430,"E":1662022800433}
{"e":"bookTicker","u":1875301595904,"s":"TURBOUSDT","b":"0.3261","B":"232226.1","a":"0.3262","A":"66598.7","T":1662022800440,"E":1662022800443}
{"e":"bookTicker","u":1875301596446,"s":"TURBOUSDT","b":"0.3261","B":"232191.7","a":"0.3262","A":"66598.7","T":1662022800453,"E":1662022800458}
{"e":"bookTicker","u":1875301596637,"s":"TURBOUSDT","b":"0.3261","B":"232191.7","a":"0.3262","A":"76098.7","T":1662022800459,"E":1662022800464}
{"e":"bookTicker","u":1875301596710,"s":"TURBOUSDT","b":"0.3261","B":"232191.7","a":"0.3262","A":"85598.7","T":1662022800461,"E":1662022800466}
{"e":"bookTicker","u":1875301596824,"s":"TURBOUSDT","b":"0.3261","B":"232225.4","a":"0.3262","A":"85598.7","T":1662022800462,"E":1662022800468}
{"e":"bookTicker","u":1875301597077,"s":"TURBOUSDT","b":"0.3261","B":"232225.4","a":"0.3262","A":"95098.7","T":1662022800469,"E":1662022800472}
{"e":"bookTicker","u":1875301597113,"s":"FISHUSDT","b":"0.13378","B":"1044","a":"0.13380","A":"47","T":1662022800469,"E":1662022800474}
{"e":"bookTicker","u":1875301597313,"s":"FISHUSDT","b":"0.13377","B":"968","a":"0.13380","A":"47","T":1662022800476,"E":1662022800481}
{"e":"bookTicker","u":1875301597595,"s":"TURBOUSDT","b":"0.3261","B":"234013.0","a":"0.3262","A":"95098.7","T":1662022800479,"E":1662022800485}
{"e":"bookTicker","u":1875301597796,"s":"FISHUSDT","b":"0.13378","B":"1345","a":"0.13380","A":"47","T":1662022800483,"E":1662022800489}
{"e":"bookTicker","u":1875301597978,"s":"FISHUSDT","b":"0.13378","B":"1345","a":"0.13379","A":"3000","T":1662022800488,"E":1662022800493}
{"e":"bookTicker","u":1875301599795,"s":"TURBOUSDT","b":"0.3261","B":"234013.0","a":"0.3262","A":"85598.7","T":1662022800541,"E":1662022800545}
{"e":"bookTicker","u":1875301601431,"s":"FISHUSDT","b":"0.13378","B":"2620","a":"0.13379","A":"3000","T":1662022800574,"E":1662022800578}
{"e":"bookTicker","u":1875301602345,"s":"FISHUSDT","b":"0.13378","B":"2620","a":"0.13379","A":"1725","T":1662022800578,"E":1662022800587}
{"e":"bookTicker","u":1875301607071,"s":"FISHUSDT","b":"0.13378","B":"2620","a":"0.13380","A":"47","T":1662022800645,"E":1662022800649}
{"e":"bookTicker","u":1875301613078,"s":"TURBOUSDT","b":"0.3261","B":"234013.0","a":"0.3262","A":"56216.7","T":1662022800770,"E":1662022800772}
{"e":"bookTicker","u":1875301613303,"s":"TURBOUSDT","b":"0.3261","B":"252112.0","a":"0.3262","A":"56216.7","T":1662022800772,"E":1662022800776}
{"e":"bookTicker","u":1875301614174,"s":"TURBOUSDT","b":"0.3261","B":"252112.0","a":"0.3262","A":"46716.7","T":1662022800784,"E":1662022800787}
{"e":"bookTicker","u":1875301612769,"s":"FISHUSDT","b":"0.13378","B":"4470","a":"0.13380","A":"47","T":1662022800764,"E":1662022800770}
{"e":"bookTicker","u":1875301614724,"s":"TURBOUSDT","b":"0.3261","B":"252112.0","a":"0.3262","A":"37216.7","T":1662022800793,"E":1662022800797}
{"e":"bookTicker","u":1875301615207,"s":"TURBOUSDT","b":"0.3261","B":"251895.2","a":"0.3262","A":"37216.7","T":1662022800803,"E":1662022800808}
{"e":"bookTicker","u":1875301616309,"s":"TURBOUSDT","b":"0.3261","B":"254986.0","a":"0.3262","A":"37216.7","T":1662022800823,"E":1662022800828}
{"e":"bookTicker","u":1875301616686,"s":"TURBOUSDT","b":"0.3261","B":"236887.0","a":"0.3262","A":"37216.7","T":1662022800831,"E":1662022800837}
{"e":"bookTicker","u":1875301618217,"s":"FISHUSDT","b":"0.13379","B":"1850","a":"0.13380","A":"47","T":1662022800864,"E":1662022800868}
{"e":"bookTicker","u":1875301620529,"s":"TURBOUSDT","b":"0.3261","B":"236887.0","a":"0.3262","A":"42216.7","T":1662022800908,"E":1662022800913}
{"e":"bookTicker","u":1875301621970,"s":"TURBOUSDT","b":"0.3261","B":"236887.0","a":"0.3262","A":"37216.7","T":1662022800934,"E":1662022800940}
{"e":"bookTicker","u":1875301623939,"s":"TURBOUSDT","b":"0.3261","B":"235099.4","a":"0.3262","A":"37216.7","T":1662022800976,"E":1662022800981}
{"e":"bookTicker","u":1875301624069,"s":"TURBOUSDT","b":"0.3261","B":"234999.5","a":"0.3262","A":"37216.7","T":1662022800980,"E":1662022800985}
{"e":"bookTicker","u":1875301624192,"s":"TURBOUSDT","b":"0.3261","B":"237145.0","a":"0.3262","A":"37216.7","T":1662022800984,"E":1662022800988}
{"e":"bookTicker","u":1875301624292,"s":"TURBOUSDT","b":"0.3261","B":"237541.7","a":"0.3262","A":"37216.7","T":1662022800986,"E":1662022800990}
{"e":"bookTicker","u":1875301624539,"s":"TURBOUSDT","b":"0.3261","B":"237613.4","a":"0.3262","A":"37216.7","T":1662022800990,"E":1662022800994}
{"e":"bookTicker","u":1875301625478,"s":"TURBOUSDT","b":"0.3261","B":"257092.9","a":"0.3262","A":"37216.7","T":1662022801004,"E":1662022801010}
{"e":"bookTicker","u":1875301625611,"s":"TURBOUSDT","b":"0.3261","B":"258045.1","a":"0.3262","A":"37216.7","T":1662022801006,"E":1662022801010}
{"e":"bookTicker","u":1875301625915,"s":"TURBOUSDT","b":"0.3261","B":"258045.1","a":"0.3262","A":"23973.3","T":1662022801009,"E":1662022801013}
{"e":"bookTicker","u":1875301629318,"s":"TURBOUSDT","b":"0.3261","B":"254729.6","a":"0.3262","A":"23973.3","T":1662022801072,"E":1662022801076}
{"e":"bookTicker","u":1875301635209,"s":"TURBOUSDT","b":"0.3261","B":"254332.9","a":"0.3262","A":"23973.3","T":1662022801246,"E":1662022801251}
{"e":"bookTicker","u":1875301635319,"s":"TURBOUSDT","b":"0.3261","B":"254806.1","a":"0.3262","A":"23973.3","T":1662022801250,"E":1662022801255}
{"e":"bookTicker","u":1875301635928,"s":"TURBOUSDT","b":"0.3261","B":"254562.3","a":"0.3262","A":"23973.3","T":1662022801272,"E":1662022801276}
{"e":"bookTicker","u":1875301636112,"s":"TURBOUSDT","b":"0.3261","B":"254562.3","a":"0.3262","A":"28973.3","T":1662022801278,"E":1662022801281}
{"e":"bookTicker","u":1875301636948,"s":"TURBOUSDT","b":"0.3261","B":"254562.3","a":"0.3262","A":"23973.3","T":1662022801294,"E":1662022801298}
{"e":"bookTicker","u":1875301638928,"s":"TURBOUSDT","b":"0.3261","B":"254562.3","a":"0.3262","A":"30031.0","T":1662022801335,"E":1662022801338}
{"e":"bookTicker","u":1875301640313,"s":"TURBOUSDT","b":"0.3261","B":"254562.3","a":"0.3262","A":"39531.0","T":1662022801373,"E":1662022801378}
{"e":"bookTicker","u":1875301641306,"s":"TURBOUSDT","b":"0.3261","B":"254562.3","a":"0.3262","A":"30031.0","T":1662022801401,"E":1662022801407}
{"e":"bookTicker","u":1875301642539,"s":"TURBOUSDT","b":"0.3261","B":"254562.3","a":"0.3262","A":"39531.0","T":1662022801436,"E":1662022801440}
{"e":"bookTicker","u":1875301642918,"s":"TURBOUSDT","b":"0.3261","B":"254562.3","a":"0.3262","A":"49031.0","T":1662022801446,"E":1662022801451}
{"e":"bookTicker","u":1875301643280,"s":"TURBOUSDT","b":"0.3261","B":"235082.8","a":"0.3262","A":"49031.0","T":1662022801457,"E":1662022801463}
{"e":"bookTicker","u":1875301643724,"s":"TURBOUSDT","b":"0.3261","B":"234472.3","a":"0.3262","A":"49031.0","T":1662022801471,"E":1662022801475}
{"e":"bookTicker","u":1875301643964,"s":"TURBOUSDT","b":"0.3261","B":"234472.3","a":"0.3262","A":"54031.0","T":1662022801478,"E":1662022801483}
{"e":"bookTicker","u":1875301644070,"s":"TURBOUSDT","b":"0.3261","B":"249963.8","a":"0.3262","A":"54031.0","T":1662022801482,"E":1662022801485}
{"e":"bookTicker","u":1875301644406,"s":"TURBOUSDT","b":"0.3261","B":"234472.3","a":"0.3262","A":"54031.0","T":1662022801492,"E":1662022801497}
{"e":"bookTicker","u":1875301645286,"s":"TURBOUSDT","b":"0.3261","B":"234472.3","a":"0.3262","A":"49031.0","T":1662022801518,"E":1662022801523}
{"e":"bookTicker","u":1875301646416,"s":"TURBOUSDT","b":"0.3261","B":"253798.4","a":"0.3262","A":"49031.0","T":1662022801546,"E":1662022801550}
{"e":"bookTicker","u":1875301646835,"s":"TURBOUSDT","b":"0.3261","B":"258099.9","a":"0.3262","A":"49031.0","T":1662022801556,"E":1662022801560}
{"e":"bookTicker","u":1875301647252,"s":"TURBOUSDT","b":"0.3261","B":"238773.8","a":"0.3262","A":"49031.0","T":1662022801568,"E":1662022801572}
{"e":"bookTicker","u":1875301647585,"s":"TURBOUSDT","b":"0.3261","B":"256259.3","a":"0.3262","A":"49031.0","T":1662022801577,"E":1662022801581}
{"e":"bookTicker","u":1875301648937,"s":"TURBOUSDT","b":"0.3261","B":"256187.6","a":"0.3262","A":"49031.0","T":1662022801628,"E":1662022801634}
{"e":"bookTicker","u":1875301649096,"s":"TURBOUSDT","b":"0.3261","B":"256187.6","a":"0.3262","A":"58531.0","T":1662022801634,"E":1662022801638}
{"e":"bookTicker","u":1875301649137,"s":"TURBOUSDT","b":"0.3261","B":"238702.1","a":"0.3262","A":"58531.0","T":1662022801635,"E":1662022801639}
{"e":"bookTicker","u":1875301649320,"s":"TURBOUSDT","b":"0.3261","B":"258488.3","a":"0.3262","A":"58531.0","T":1662022801640,"E":1662022801645}
{"e":"bookTicker","u":1875301649739,"s":"TURBOUSDT","b":"0.3261","B":"258488.3","a":"0.3262","A":"49031.0","T":1662022801657,"E":1662022801661}
{"e":"bookTicker","u":1875301650801,"s":"TURBOUSDT","b":"0.3261","B":"258271.5","a":"0.3262","A":"49031.0","T":1662022801694,"E":1662022801698}
{"e":"bookTicker","u":1875301650832,"s":"TURBOUSDT","b":"0.3261","B":"238485.3","a":"0.3262","A":"49031.0","T":1662022801695,"E":1662022801700}
{"e":"bookTicker","u":1875301651037,"s":"TURBOUSDT","b":"0.3261","B":"238485.3","a":"0.3262","A":"54031.0","T":1662022801701,"E":1662022801706}
{"e":"bookTicker","u":1875301651721,"s":"TURBOUSDT","b":"0.3261","B":"237533.1","a":"0.3262","A":"54031.0","T":1662022801722,"E":1662022801726}
{"e":"bookTicker","u":1875301651876,"s":"TURBOUSDT","b":"0.3261","B":"238485.3","a":"0.3262","A":"54031.0","T":1662022801727,"E":1662022801732}
{"e":"bookTicker","u":1875301652037,"s":"TURBOUSDT","b":"0.3261","B":"237533.1","a":"0.3262","A":"54031.0","T":1662022801732,"E":1662022801738}
{"e":"bookTicker","u":1875301652073,"s":"TURBOUSDT","b":"0.3261","B":"237533.1","a":"0.3262","A":"49031.0","T":1662022801733,"E":1662022801738}
{"e":"bookTicker","u":1875301652331,"s":"TURBOUSDT","b":"0.3261","B":"235387.6","a":"0.3262","A":"49031.0","T":1662022801742,"E":1662022801747}
{"e":"bookTicker","u":1875301652376,"s":"TURBOUSDT","b":"0.3261","B":"251646.0","a":"0.3262","A":"49031.0","T":1662022801743,"E":1662022801749}
{"e":"bookTicker","u":1875301652387,"s":"TURBOUSDT","b":"0.3261","B":"251794.0","a":"0.3262","A":"49031.0","T":1662022801743,"E":1662022801749}
{"e":"bookTicker","u":1875301652820,"s":"TURBOUSDT","b":"0.3261","B":"254610.0","a":"0.3262","A":"49031.0","T":1662022801753,"E":1662022801759}
{"e":"bookTicker","u":1875301653485,"s":"TURBOUSDT","b":"0.3261","B":"238351.6","a":"0.3262","A":"49031.0","T":1662022801763,"E":1662022801768}
{"e":"bookTicker","u":1875301654663,"s":"TURBOUSDT","b":"0.3261","B":"207335.9","a":"0.3262","A":"49031.0","T":1662022801774,"E":1662022801779}
{"e":"bookTicker","u":1875301654760,"s":"TURBOUSDT","b":"0.3261","B":"192588.5","a":"0.3262","A":"49031.0","T":1662022801775,"E":1662022801780}
{"e":"bookTicker","u":1875301654874,"s":"TURBOUSDT","b":"0.3261","B":"192588.5","a":"0.3262","A":"58531.0","T":1662022801776,"E":1662022801780}
{"e":"bookTicker","u":1875301654958,"s":"TURBOUSDT","b":"0.3261","B":"192588.5","a":"0.3262","A":"76292.3","T":1662022801776,"E":1662022801780}
{"e":"bookTicker","u":1875301655520,"s":"TURBOUSDT","b":"0.3261","B":"192588.5","a":"0.3262","A":"95058.5","T":1662022801782,"E":1662022801786}
{"e":"bookTicker","u":1875301655881,"s":"TURBOUSDT","b":"0.3261","B":"189497.7","a":"0.3262","A":"95058.5","T":1662022801785,"E":1662022801789}
{"e":"bookTicker","u":1875301657217,"s":"TURBOUSDT","b":"0.3261","B":"189497.7","a":"0.3262","A":"95358.5","T":1662022801799,"E":1662022801806}
{"e":"bookTicker","u":1875301658003,"s":"TURBOUSDT","b":"0.3261","B":"175196.8","a":"0.3262","A":"95358.5","T":1662022801806,"E":1662022801811}
{"e":"bookTicker","u":1875301658048,"s":"TURBOUSDT","b":"0.3261","B":"180879.9","a":"0.3262","A":"95358.5","T":1662022801807,"E":1662022801812}
{"e":"bookTicker","u":1875301661529,"s":"TURBOUSDT","b":"0.3261","B":"176578.4","a":"0.3262","A":"95358.5","T":1662022801854,"E":1662022801858}
{"e":"bookTicker","u":1875301661690,"s":"TURBOUSDT","b":"0.3261","B":"167078.4","a":"0.3262","A":"95358.5","T":1662022801857,"E":1662022801860}
{"e":"bookTicker","u":1875301662964,"s":"TURBOUSDT","b":"0.3261","B":"167927.5","a":"0.3262","A":"95358.5","T":1662022801880,"E":1662022801883}
{"e":"bookTicker","u":1875301663670,"s":"TURBOUSDT","b":"0.3261","B":"176545.7","a":"0.3262","A":"95358.5","T":1662022801891,"E":1662022801896}
{"e":"bookTicker","u":1875301665144,"s":"TURBOUSDT","b":"0.3261","B":"186045.7","a":"0.3262","A":"95358.5","T":1662022801919,"E":1662022801923}
{"e":"bookTicker","u":1875301667241,"s":"TURBOUSDT","b":"0.3261","B":"185828.9","a":"0.3262","A":"95358.5","T":1662022801975,"E":1662022801979}
{"e":"bookTicker","u":1875301667656,"s":"TURBOUSDT","b":"0.3261","B":"193006.2","a":"0.3262","A":"95358.5","T":1662022801985,"E":1662022801990}
{"e":"bookTicker","u":1875301669089,"s":"TURBOUSDT","b":"0.3261","B":"193006.2","a":"0.3262","A":"85858.5","T":1662022802015,"E":1662022802020}
{"e":"bookTicker","u":1875301670081,"s":"TURBOUSDT","b":"0.3261","B":"192858.2","a":"0.3262","A":"85858.5","T":1662022802035,"E":1662022802040}
{"e":"bookTicker","u":1875301671140,"s":"TURBOUSDT","b":"0.3261","B":"193237.7","a":"0.3262","A":"85858.5","T":1662022802060,"E":1662022802066}
{"e":"bookTicker","u":1875301673373,"s":"TURBOUSDT","b":"0.3261","B":"193237.7","a":"0.3262","A":"67092.3","T":1662022802102,"E":1662022802106}
{"e":"bookTicker","u":1875301673452,"s":"TURBOUSDT","b":"0.3261","B":"193237.7","a":"0.3262","A":"72996.3","T":1662022802103,"E":1662022802108}
{"e":"bookTicker","u":1875301673453,"s":"TURBOUSDT","b":"0.3261","B":"218952.8","a":"0.3262","A":"72996.3","T":1662022802103,"E":1662022802108}
{"e":"bookTicker","u":1875301673785,"s":"TURBOUSDT","b":"0.3261","B":"218794.3","a":"0.3262","A":"72996.3","T":1662022802111,"E":1662022802116}
{"e":"bookTicker","u":1875301674059,"s":"TURBOUSDT","b":"0.3261","B":"218794.3","a":"0.3262","A":"55235.0","T":1662022802115,"E":1662022802120}
{"e":"bookTicker","u":1875301674585,"s":"TURBOUSDT","b":"0.3261","B":"218794.3","a":"0.3262","A":"49331.0","T":1662022802123,"E":1662022802128}
{"e":"bookTicker","u":1875301675284,"s":"TURBOUSDT","b":"0.3261","B":"218794.3","a":"0.3262","A":"58831.0","T":1662022802136,"E":1662022802141}
{"e":"bookTicker","u":1875301675703,"s":"TURBOUSDT","b":"0.3261","B":"218306.6","a":"0.3262","A":"58831.0","T":1662022802148,"E":1662022802154}
{"e":"bookTicker","u":1875301676259,"s":"TURBOUSDT","b":"0.3261","B":"218306.6","a":"0.3262","A":"63831.0","T":1662022802158,"E":1662022802163}
{"e":"bookTicker","u":1875301676608,"s":"TURBOUSDT","b":"0.3261","B":"213467.0","a":"0.3262","A":"63831.0","T":1662022802167,"E":1662022802172}
{"e":"bookTicker","u":1875301677001,"s":"TURBOUSDT","b":"0.3261","B":"213467.0","a":"0.3262","A":"58831.0","T":1662022802173,"E":1662022802177}
{"e":"bookTicker","u":1875301677055,"s":"TURBOUSDT","b":"0.3261","B":"218267.0","a":"0.3262","A":"58831.0","T":1662022802175,"E":1662022802179}
{"e":"bookTicker","u":1875301678249,"s":"TURBOUSDT","b":"0.3261","B":"218220.8","a":"0.3262","A":"58831.0","T":1662022802195,"E":1662022802199}
{"e":"bookTicker","u":1875301677809,"s":"FISHUSDT","b":"0.13379","B":"2400","a":"0.13380","A":"47","T":1662022802189,"E":1662022802197}
{"e":"bookTicker","u":1875301678550,"s":"TURBOUSDT","b":"0.3261","B":"218285.0","a":"0.3262","A":"58831.0","T":1662022802201,"E":1662022802206}
{"e":"bookTicker","u":1875301678745,"s":"TURBOUSDT","b":"0.3261","B":"218285.0","a":"0.3262","A":"49331.0","T":1662022802205,"E":1662022802209}
{"e":"bookTicker","u":1875301678971,"s":"TURBOUSDT","b":"0.3261","B":"218285.0","a":"0.3262","A":"39831.0","T":1662022802210,"E":1662022802214}
{"e":"bookTicker","u":1875301679067,"s":"TURBOUSDT","b":"0.3261","B":"218285.0","a":"0.3262","A":"30331.0","T":1662022802212,"E":1662022802219}
{"e":"bookTicker","u":1875301679261,"s":"TURBOUSDT","b":"0.3261","B":"218054.7","a":"0.3262","A":"30331.0","T":1662022802216,"E":1662022802221}
{"e":"bookTicker","u":1875301679593,"s":"TURBOUSDT","b":"0.3261","B":"221145.5","a":"0.3262","A":"30331.0","T":1662022802224,"E":1662022802230}
{"e":"bookTicker","u":1875301679646,"s":"TURBOUSDT","b":"0.3261","B":"221145.5","a":"0.3262","A":"35331.0","T":1662022802226,"E":1662022802230}
{"e":"bookTicker","u":1875301679923,"s":"TURBOUSDT","b":"0.3261","B":"221145.5","a":"0.3262","A":"44831.0","T":1662022802231,"E":1662022802236}
{"e":"bookTicker","u":1875301680603,"s":"TURBOUSDT","b":"0.3261","B":"221145.5","a":"0.3262","A":"35331.0","T":1662022802240,"E":1662022802245}
{"e":"bookTicker","u":1875301680681,"s":"TURBOUSDT","b":"0.3261","B":"221145.5","a":"0.3262","A":"30331.0","T":1662022802241,"E":1662022802247}
{"e":"bookTicker","u":1875301680837,"s":"TURBOUSDT","b":"0.3261","B":"238784.4","a":"0.3262","A":"30331.0","T":1662022802244,"E":1662022802253}
{"e":"bookTicker","u":1875301681614,"s":"TURBOUSDT","b":"0.3261","B":"238784.4","a":"0.3262","A":"24273.3","T":1662022802260,"E":1662022802265}
{"e":"bookTicker","u":1875301682340,"s":"TURBOUSDT","b":"0.3261","B":"238784.4","a":"0.3262","A":"29273.3","T":1662022802275,"E":1662022802281}
{"e":"bookTicker","u":1875301683673,"s":"TURBOUSDT","b":"0.3261","B":"238784.4","a":"0.3262","A":"24273.3","T":1662022802305,"E":1662022802311}
{"e":"bookTicker","u":1875301683745,"s":"TURBOUSDT","b":"0.3261","B":"237935.3","a":"0.3262","A":"24273.3","T":1662022802306,"E":1662022802311}
{"e":"bookTicker","u":1875301684332,"s":"TURBOUSDT","b":"0.3261","B":"235119.3","a":"0.3262","A":"24273.3","T":1662022802320,"E":1662022802326}
{"e":"bookTicker","u":1875301684821,"s":"TURBOUSDT","b":"0.3261","B":"238837.5","a":"0.3262","A":"24273.3","T":1662022802331,"E":1662022802337}
{"e":"bookTicker","u":1875301685702,"s":"TURBOUSDT","b":"0.3261","B":"221198.6","a":"0.3262","A":"24273.3","T":1662022802353,"E":1662022802358}
{"e":"bookTicker","u":1875301686899,"s":"TURBOUSDT","b":"0.3261","B":"221198.6","a":"0.3262","A":"33773.3","T":1662022802384,"E":1662022802389}
{"e":"bookTicker","u":1875301687187,"s":"TURBOUSDT","b":"0.3261","B":"221198.6","a":"0.3262","A":"24273.3","T":1662022802390,"E":1662022802396}
{"e":"bookTicker","u":1875301688431,"s":"TURBOUSDT","b":"0.3261","B":"239757.8","a":"0.3262","A":"24273.3","T":1662022802412,"E":1662022802417}
{"e":"bookTicker","u":1875301690535,"s":"TURBOUSDT","b":"0.3261","B":"221198.6","a":"0.3262","A":"24273.3","T":1662022802457,"E":1662022802463}
{"e":"bookTicker","u":1875301690918,"s":"TURBOUSDT","b":"0.3261","B":"221224.4","a":"0.3262","A":"24273.3","T":1662022802467,"E":1662022802472}
{"e":"bookTicker","u":1875301692966,"s":"TURBOUSDT","b":"0.3261","B":"221190.7","a":"0.3262","A":"24273.3","T":1662022802525,"E":1662022802531}
{"e":"bookTicker","u":1875301693387,"s":"TURBOUSDT","b":"0.3261","B":"221244.3","a":"0.3262","A":"24273.3","T":1662022802537,"E":1662022802542}
{"e":"bookTicker","u":1875301697267,"s":"TURBOUSDT","b":"0.3261","B":"244739.7","a":"0.3262","A":"24273.3","T":1662022802646,"E":1662022802649}
{"e":"bookTicker","u":1875301699891,"s":"TURBOUSDT","b":"0.3261","B":"244921.2","a":"0.3262","A":"24273.3","T":1662022802704,"E":1662022802708}
{"e":"bookTicker","u":1875301700109,"s":"TURBOUSDT","b":"0.3261","B":"244590.3","a":"0.3262","A":"24273.3","T":1662022802709,"E":1662022802714}
{"e":"bookTicker","u":1875301700479,"s":"TURBOUSDT","b":"0.3261","B":"244590.3","a":"0.3262","A":"29273.3","T":1662022802716,"E":1662022802722}
{"e":"bookTicker","u":1875301701351,"s":"TURBOUSDT","b":"0.3261","B":"244590.3","a":"0.3262","A":"38773.3","T":1662022802743,"E":1662022802749}
{"e":"bookTicker","u":1875301701818,"s":"TURBOUSDT","b":"0.3261","B":"244590.3","a":"0.3262","A":"48273.3","T":1662022802755,"E":1662022802759}
{"e":"bookTicker","u":1875301701871,"s":"TURBOUSDT","b":"0.3261","B":"244590.3","a":"0.3262","A":"43273.3","T":1662022802757,"E":1662022802760}
{"e":"bookTicker","u":1875301701889,"s":"TURBOUSDT","b":"0.3261","B":"244590.3","a":"0.3262","A":"52773.3","T":1662022802757,"E":1662022802761}
{"e":"bookTicker","u":1875301704092,"s":"TURBOUSDT","b":"0.3261","B":"242590.3","a":"0.3262","A":"52773.3","T":1662022802809,"E":1662022802815}
{"e":"bookTicker","u":1875301704126,"s":"TURBOUSDT","b":"0.3261","B":"240590.3","a":"0.3262","A":"52773.3","T":1662022802810,"E":1662022802817}
{"e":"bookTicker","u":1875301704575,"s":"TURBOUSDT","b":"0.3261","B":"241590.3","a":"0.3262","A":"52773.3","T":1662022802821,"E":1662022802826}
{"e":"bookTicker","u":1875301704760,"s":"TURBOUSDT","b":"0.3261","B":"241486.4","a":"0.3262","A":"52773.3","T":1662022802824,"E":1662022802828}
{"e":"bookTicker","u":1875301705097,"s":"TURBOUSDT","b":"0.3261","B":"241612.6","a":"0.3262","A":"52773.3","T":1662022802832,"E":1662022802834}
{"e":"bookTicker","u":1875301705280,"s":"TURBOUSDT","b":"0.3261","B":"241281.7","a":"0.3262","A":"52773.3","T":1662022802837,"E":1662022802841}
{"e":"bookTicker","u":1875301706391,"s":"TURBOUSDT","b":"0.3261","B":"245618.9","a":"0.3262","A":"52773.3","T":1662022802865,"E":1662022802867}
{"e":"bookTicker","u":1875301709462,"s":"TURBOUSDT","b":"0.3261","B":"245618.9","a":"0.3262","A":"43273.3","T":1662022802956,"E":1662022802960}
{"e":"bookTicker","u":1875301711438,"s":"TURBOUSDT","b":"0.3261","B":"246571.1","a":"0.3262","A":"43273.3","T":1662022803008,"E":1662022803012}
{"e":"bookTicker","u":1875301711613,"s":"TURBOUSDT","b":"0.3261","B":"246571.1","a":"0.3262","A":"52773.3","T":1662022803011,"E":1662022803016}
{"e":"bookTicker","u":1875301713787,"s":"TURBOUSDT","b":"0.3261","B":"246058.2","a":"0.3262","A":"52773.3","T":1662022803063,"E":1662022803068}
{"e":"bookTicker","u":1875301713891,"s":"TURBOUSDT","b":"0.3261","B":"245823.8","a":"0.3262","A":"52773.3","T":1662022803066,"E":1662022803070}
{"e":"bookTicker","u":1875301714129,"s":"TURBOUSDT","b":"0.3261","B":"244871.6","a":"0.3262","A":"52773.3","T":1662022803073,"E":1662022803076}
{"e":"bookTicker","u":1875301714164,"s":"TURBOUSDT","b":"0.3261","B":"245823.8","a":"0.3262","A":"52773.3","T":1662022803074,"E":1662022803078}
{"e":"bookTicker","u":1875301714937,"s":"TURBOUSDT","b":"0.3261","B":"246395.9","a":"0.3262","A":"52773.3","T":1662022803097,"E":1662022803102}
{"e":"bookTicker","u":1875301715737,"s":"TURBOUSDT","b":"0.3261","B":"246395.9","a":"0.3262","A":"43273.3","T":1662022803123,"E":1662022803126}
{"e":"bookTicker","u":1875301718130,"s":"TURBOUSDT","b":"0.3261","B":"242058.7","a":"0.3262","A":"43273.3","T":1662022803199,"E":1662022803205}
{"e":"bookTicker","u":1875301718692,"s":"TURBOUSDT","b":"0.3261","B":"242079.5","a":"0.3262","A":"43273.3","T":1662022803213,"E":1662022803219}
{"e":"bookTicker","u":1875301719434,"s":"TURBOUSDT","b":"0.3261","B":"242079.5","a":"0.3262","A":"52773.3","T":1662022803236,"E":1662022803240}
{"e":"bookTicker","u":1875301719556,"s":"TURBOUSDT","b":"0.3261","B":"248138.2","a":"0.3262","A":"52773.3","T":1662022803241,"E":1662022803246}
{"e":"bookTicker","u":1875301719702,"s":"TURBOUSDT","b":"0.3261","B":"248138.2","a":"0.3262","A":"52789.4","T":1662022803245,"E":1662022803250}
{"e":"bookTicker","u":1875301723431,"s":"TURBOUSDT","b":"0.3261","B":"248138.2","a":"0.3262","A":"43289.4","T":1662022803337,"E":1662022803343}
{"e":"bookTicker","u":1875301725443,"s":"TURBOUSDT","b":"0.3261","B":"248138.2","a":"0.3262","A":"43162.0","T":1662022803375,"E":1662022803380}
{"e":"bookTicker","u":1875301725659,"s":"FISHUSDT","b":"0.13379","B":"2400","a":"0.13384","A":"1579","T":1662022803376,"E":1662022803380}
{"e":"bookTicker","u":1875301726544,"s":"TURBOUSDT","b":"0.3261","B":"243338.2","a":"0.3262","A":"43162.0","T":1662022803383,"E":1662022803388}
{"e":"bookTicker","u":1875301727721,"s":"TURBOUSDT","b":"0.3261","B":"248403.1","a":"0.3262","A":"43162.0","T":1662022803398,"E":1662022803404}
{"e":"bookTicker","u":1875301727391,"s":"FISHUSDT","b":"0.13380","B":"3000","a":"0.13384","A":"1579","T":1662022803395,"E":1662022803399}
{"e":"bookTicker","u":1875301728468,"s":"FISHUSDT","b":"0.13380","B":"4850","a":"0.13384","A":"1579","T":1662022803411,"E":1662022803416}
{"e":"bookTicker","u":1875301730009,"s":"TURBOUSDT","b":"0.3261","B":"248403.1","a":"0.3262","A":"33662.0","T":1662022803442,"E":1662022803448}
{"e":"bookTicker","u":1875301730266,"s":"TURBOUSDT","b":"0.3261","B":"248403.1","a":"0.3262","A":"33463.3","T":1662022803447,"E":1662022803452}
{"e":"bookTicker","u":1875301730369,"s":"FISHUSDT","b":"0.13380","B":"4850","a":"0.13384","A":"1366","T":1662022803448,"E":1662022803454}
{"e":"bookTicker","u":1875301731102,"s":"TURBOUSDT","b":"0.3261","B":"248403.1","a":"0.3262","A":"33163.3","T":1662022803457,"E":1662022803462}
{"e":"bookTicker","u":1875301731153,"s":"TURBOUSDT","b":"0.3261","B":"268035.9","a":"0.3262","A":"33163.3","T":1662022803457,"E":1662022803464}
{"e":"bookTicker","u":1875301732272,"s":"TURBOUSDT","b":"0.3261","B":"248403.1","a":"0.3262","A":"33163.3","T":1662022803476,"E":1662022803481}
{"e":"bookTicker","u":1875301732636,"s":"TURBOUSDT","b":"0.3261","B":"250953.1","a":"0.3262","A":"33163.3","T":1662022803482,"E":1662022803487}
{"e":"bookTicker","u":1875301733469,"s":"TURBOUSDT","b":"0.3261","B":"244894.4","a":"0.3262","A":"33163.3","T":1662022803500,"E":1662022803505}
{"e":"bookTicker","u":1875301734864,"s":"TURBOUSDT","b":"0.3261","B":"242344.4","a":"0.3262","A":"33163.3","T":1662022803533,"E":1662022803539}
{"e":"bookTicker","u":1875301735009,"s":"TURBOUSDT","b":"0.3261","B":"259829.9","a":"0.3262","A":"33163.3","T":1662022803536,"E":1662022803541}
{"e":"bookTicker","u":1875301735142,"s":"FISHUSDT","b":"0.13380","B":"4850","a":"0.13386","A":"2105","T":1662022803539,"E":1662022803544}
{"e":"bookTicker","u":1875301735211,"s":"FISHUSDT","b":"0.13381","B":"1850","a":"0.13386","A":"2105","T":1662022803541,"E":1662022803545}
{"e":"bookTicker","u":1875301735385,"s":"TURBOUSDT","b":"0.3261","B":"259829.9","a":"0.3262","A":"23663.3","T":1662022803545,"E":1662022803550}
{"e":"bookTicker","u":1875301736754,"s":"FISHUSDT","b":"0.13381","B":"1850","a":"0.13385","A":"3000","T":1662022803584,"E":1662022803589}
{"e":"bookTicker","u":1875301737057,"s":"TURBOUSDT","b":"0.3261","B":"259776.3","a":"0.3262","A":"23663.3","T":1662022803594,"E":1662022803599}
{"e":"bookTicker","u":1875301743186,"s":"TURBOUSDT","b":"0.3261","B":"259776.3","a":"0.3262","A":"16101.1","T":1662022803728,"E":1662022803733}
{"e":"bookTicker","u":1875301744131,"s":"TURBOUSDT","b":"0.3261","B":"262551.3","a":"0.3262","A":"16101.1","T":1662022803747,"E":1662022803752}
{"e":"bookTicker","u":1875301748291,"s":"TURBOUSDT","b":"0.3261","B":"262551.3","a":"0.3262","A":"15998.5","T":1662022803846,"E":1662022803850}
{"e":"bookTicker","u":1875301749053,"s":"TURBOUSDT","b":"0.3261","B":"262567.8","a":"0.3262","A":"15998.5","T":1662022803860,"E":1662022803865}
{"e":"bookTicker","u":1875301751736,"s":"TURBOUSDT","b":"0.3261","B":"262319.6","a":"0.3262","A":"15998.5","T":1662022803935,"E":1662022803940}
{"e":"bookTicker","u":1875301752083,"s":"TURBOUSDT","b":"0.3261","B":"262319.6","a":"0.3262","A":"20998.5","T":1662022803944,"E":1662022803949}
{"e":"bookTicker","u":1875301752466,"s":"TURBOUSDT","b":"0.3261","B":"262319.6","a":"0.3262","A":"15998.5","T":1662022803953,"E":1662022803958}
{"e":"bookTicker","u":1875301754463,"s":"TURBOUSDT","b":"0.3261","B":"262319.6","a":"0.3262","A":"22056.2","T":1662022803989,"E":1662022803995}
{"e":"bookTicker","u":1875301754749,"s":"TURBOUSDT","b":"0.3261","B":"244834.1","a":"0.3262","A":"22056.2","T":1662022803993,"E":1662022803998}
{"e":"bookTicker","u":1875301756621,"s":"TURBOUSDT","b":"0.3261","B":"244834.1","a":"0.3262","A":"31556.2","T":1662022804007,"E":1662022804013}
{"e":"bookTicker","u":1875301758583,"s":"TURBOUSDT","b":"0.3261","B":"244834.1","a":"0.3262","A":"41056.2","T":1662022804033,"E":1662022804038}
{"e":"bookTicker","u":1875301759466,"s":"FISHUSDT","b":"0.13381","B":"1850","a":"0.13385","A":"4708","T":1662022804047,"E":1662022804051}
{"e":"bookTicker","u":1875301759826,"s":"FISHUSDT","b":"0.13379","B":"2797","a":"0.13385","A":"4708","T":1662022804054,"E":1662022804057}
{"e":"bookTicker","u":1875301760192,"s":"FISHUSDT","b":"0.13379","B":"550","a":"0.13385","A":"4708","T":1662022804061,"E":1662022804067}
{"e":"bookTicker","u":1875301760362,"s":"FISHUSDT","b":"0.13379","B":"550","a":"0.13385","A":"5320","T":1662022804065,"E":1662022804069}
{"e":"bookTicker","u":1875301760429,"s":"FISHUSDT","b":"0.13379","B":"2400","a":"0.13385","A":"5320","T":1662022804065,"E":1662022804069}
{"e":"bookTicker","u":1875301760772,"s":"TURBOUSDT","b":"0.3261","B":"244834.1","a":"0.3262","A":"31556.2","T":1662022804075,"E":1662022804080}
{"e":"bookTicker","u":1875301761003,"s":"TURBOUSDT","b":"0.3261","B":"244834.1","a":"0.3262","A":"22056.2","T":1662022804081,"E":1662022804086}
{"e":"bookTicker","u":1875301761087,"s":"FISHUSDT","b":"0.13379","B":"2400","a":"0.13385","A":"9310","T":1662022804084,"E":1662022804088}
{"e":"bookTicker","u":1875301761096,"s":"FISHUSDT","b":"0.13379","B":"2400","a":"0.13384","A":"2000","T":1662022804085,"E":1662022804088}
{"e":"bookTicker","u":1875301761303,"s":"FISHUSDT","b":"0.13379","B":"2400","a":"0.13384","A":"15434","T":1662022804091,"E":1662022804094}
{"e":"bookTicker","u":1875301761308,"s":"FISHUSDT","b":"0.13379","B":"2400","a":"0.13384","A":"16129","T":1662022804091,"E":1662022804094}
{"e":"bookTicker","u":1875301761335,"s":"TURBOUSDT","b":"0.3261","B":"263546.6","a":"0.3262","A":"22056.2","T":1662022804092,"E":1662022804096}
{"e":"bookTicker","u":1875301761579,"s":"TURBOUSDT","b":"0.3261","B":"263546.6","a":"0.3262","A":"31556.2","T":1662022804099,"E":1662022804102}
{"e":"bookTicker","u":1875301761622,"s":"FISHUSDT","b":"0.13379","B":"2400","a":"0.13384","A":"16741","T":1662022804100,"E":1662022804105}
{"e":"bookTicker","u":1875301761658,"s":"FISHUSDT","b":"0.13379","B":"2400","a":"0.13384","A":"18591","T":1662022804101,"E":1662022804107}
{"e":"bookTicker","u":1875301762010,"s":"FISHUSDT","b":"0.13379","B":"2400","a":"0.13384","A":"20571","T":1662022804112,"E":1662022804116}
{"e":"bookTicker","u":1875301763079,"s":"TURBOUSDT","b":"0.3261","B":"275995.5","a":"0.3262","A":"31556.2","T":1662022804138,"E":1662022804144}
{"e":"bookTicker","u":1875301764640,"s":"FISHUSDT","b":"0.13379","B":"2400","a":"0.13383","A":"3000","T":1662022804172,"E":1662022804175}
{"e":"bookTicker","u":1875301766111,"s":"TURBOUSDT","b":"0.3261","B":"270930.6","a":"0.3262","A":"31556.2","T":1662022804203,"E":1662022804207}
{"e":"bookTicker","u":1875301766132,"s":"TURBOUSDT","b":"0.3261","B":"252218.1","a":"0.3262","A":"31556.2","T":1662022804203,"E":1662022804207}
{"e":"bookTicker","u":1875301766298,"s":"TURBOUSDT","b":"0.3261","B":"252153.9","a":"0.3262","A":"31556.2","T":1662022804208,"E":1662022804212}
{"e":"bookTicker","u":1875301766373,"s":"TURBOUSDT","b":"0.3261","B":"257222.3","a":"0.3262","A":"31556.2","T":1662022804209,"E":1662022804214}
{"e":"bookTicker","u":1875301766591,"s":"TURBOUSDT","b":"0.3261","B":"257289.3","a":"0.3262","A":"31556.2","T":1662022804214,"E":1662022804220}
{"e":"bookTicker","u":1875301767828,"s":"FISHUSDT","b":"0.13379","B":"2400","a":"0.13383","A":"4702","T":1662022804253,"E":1662022804258}
{"e":"bookTicker","u":1875301768007,"s":"TURBOUSDT","b":"0.3261","B":"275848.5","a":"0.3262","A":"31556.2","T":1662022804258,"E":1662022804262}
{"e":"bookTicker","u":1875301770707,"s":"TURBOUSDT","b":"0.3261","B":"278398.5","a":"0.3262","A":"31556.2","T":1662022804351,"E":1662022804355}
{"e":"bookTicker","u":1875301771379,"s":"TURBOUSDT","b":"0.3261","B":"275848.5","a":"0.3262","A":"31556.2","T":1662022804362,"E":1662022804368}
{"e":"bookTicker","u":1875301771496,"s":"TURBOUSDT","b":"0.3261","B":"257289.3","a":"0.3262","A":"31556.2","T":1662022804363,"E":1662022804368}
{"e":"bookTicker","u":1875301772189,"s":"TURBOUSDT","b":"0.3261","B":"257289.3","a":"0.3262","A":"38719.0","T":1662022804371,"E":1662022804375}
{"e":"bookTicker","u":1875301772457,"s":"TURBOUSDT","b":"0.3261","B":"257289.3","a":"0.3262","A":"48219.0","T":1662022804372,"E":1662022804379}
{"e":"bookTicker","u":1875301772752,"s":"TURBOUSDT","b":"0.3261","B":"257289.3","a":"0.3262","A":"57719.0","T":1662022804374,"E":1662022804382}
{"e":"bookTicker","u":1875301773425,"s":"TURBOUSDT","b":"0.3261","B":"254514.3","a":"0.3262","A":"57719.0","T":1662022804378,"E":1662022804388}
{"e":"bookTicker","u":1875301773592,"s":"TURBOUSDT","b":"0.3261","B":"245014.3","a":"0.3262","A":"57719.0","T":1662022804378,"E":1662022804391}
{"e":"bookTicker","u":1875301774172,"s":"TURBOUSDT","b":"0.3261","B":"240549.1","a":"0.3262","A":"57719.0","T":1662022804383,"E":1662022804393}
{"e":"bookTicker","u":1875301774206,"s":"TURBOUSDT","b":"0.3261","B":"234866.0","a":"0.3262","A":"57719.0","T":1662022804383,"E":1662022804393}
{"e":"bookTicker","u":1875301774256,"s":"TURBOUSDT","b":"0.3261","B":"226247.8","a":"0.3262","A":"57719.0","T":1662022804384,"E":1662022804393}
{"e":"bookTicker","u":1875301774266,"s":"TURBOUSDT","b":"0.3261","B":"219070.5","a":"0.3262","A":"57719.0","T":1662022804384,"E":1662022804393}
{"e":"bookTicker","u":1875301774278,"s":"TURBOUSDT","b":"0.3261","B":"219070.5","a":"0.3262","A":"93600.5","T":1662022804384,"E":1662022804393}
{"e":"bookTicker","u":1875301774369,"s":"TURBOUSDT","b":"0.3261","B":"193355.4","a":"0.3262","A":"93600.5","T":1662022804384,"E":1662022804394}
{"e":"bookTicker","u":1875301774418,"s":"TURBOUSDT","b":"0.3261","B":"169860.0","a":"0.3262","A":"93600.5","T":1662022804384,"E":1662022804395}
{"e":"bookTicker","u":1875301774645,"s":"TURBOUSDT","b":"0.3261","B":"169860.0","a":"0.3262","A":"112366.5","T":1662022804386,"E":1662022804397}
{"e":"bookTicker","u":1875301774726,"s":"TURBOUSDT","b":"0.3261","B":"168907.8","a":"0.3262","A":"112366.5","T":1662022804386,"E":1662022804397}
{"e":"bookTicker","u":1875301777417,"s":"TURBOUSDT","b":"0.3261","B":"168907.8","a":"0.3262","A":"112666.5","T":1662022804405,"E":1662022804417}
{"e":"bookTicker","u":1875301777590,"s":"TURBOUSDT","b":"0.3261","B":"165817.0","a":"0.3262","A":"112666.5","T":1662022804406,"E":1662022804417}
{"e":"bookTicker","u":1875301774417,"s":"FISHUSDT","b":"0.13379","B":"550","a":"0.13383","A":"4702","T":1662022804384,"E":1662022804395}
{"e":"bookTicker","u":1875301775045,"s":"FISHUSDT","b":"0.13379","B":"550","a":"0.13383","A":"6552","T":1662022804389,"E":1662022804400}
{"e":"bookTicker","u":1875301778502,"s":"TURBOUSDT","b":"0.3261","B":"165817.0","a":"0.3262","A":"112769.1","T":1662022804411,"E":1662022804426}
{"e":"bookTicker","u":1875301779898,"s":"TURBOUSDT","b":"0.3261","B":"165817.0","a":"0.3262","A":"114714.9","T":1662022804421,"E":1662022804431}
{"e":"bookTicker","u":1875301780678,"s":"TURBOUSDT","b":"0.3261","B":"163757.3","a":"0.3262","A":"114714.9","T":1662022804426,"E":1662022804437}
{"e":"bookTicker","u":1875301782391,"s":"TURBOUSDT","b":"0.3261","B":"151308.4","a":"0.3262","A":"114714.9","T":1662022804436,"E":1662022804447}
{"e":"bookTicker","u":1875301782587,"s":"TURBOUSDT","b":"0.3261","B":"141808.4","a":"0.3262","A":"114714.9","T":1662022804437,"E":1662022804448}
{"e":"bookTicker","u":1875301782757,"s":"TURBOUSDT","b":"0.3261","B":"141808.4","a":"0.3262","A":"125981.5","T":1662022804438,"E":1662022804448}
{"e":"bookTicker","u":1875301779800,"s":"FISHUSDT","b":"0.13379","B":"550","a":"0.13382","A":"1850","T":1662022804420,"E":1662022804431}
{"e":"bookTicker","u":1875301786594,"s":"TURBOUSDT","b":"0.3261","B":"141808.4","a":"0.3262","A":"139470.2","T":1662022804461,"E":1662022804475}
{"e":"bookTicker","u":1875301783790,"s":"FISHUSDT","b":"0.13379","B":"550","a":"0.13382","A":"3850","T":1662022804443,"E":1662022804455}
{"e":"bookTicker","u":1875301790767,"s":"TURBOUSDT","b":"0.3261","B":"141808.4","a":"0.3262","A":"168774.5","T":1662022804493,"E":1662022804505}
{"e":"bookTicker","u":1875301792841,"s":"TURBOUSDT","b":"0.3261","B":"141808.4","a":"0.3262","A":"173798.4","T":1662022804515,"E":1662022804522}
{"e":"bookTicker","u":1875301786734,"s":"FISHUSDT","b":"0.13379","B":"550","a":"0.13382","A":"5700","T":1662022804463,"E":1662022804475}
{"e":"bookTicker","u":1875301795603,"s":"TURBOUSDT","b":"0.3261","B":"136808.4","a":"0.3262","A":"173798.4","T":1662022804554,"E":1662022804560}
{"e":"bookTicker","u":1875301795724,"s":"TURBOUSDT","b":"0.3261","B":"136808.4","a":"0.3262","A":"190968.4","T":1662022804554,"E":1662022804560}
{"e":"bookTicker","u":1875301795844,"s":"TURBOUSDT","b":"0.3261","B":"134513.4","a":"0.3262","A":"190968.4","T":1662022804556,"E":1662022804560}
{"e":"bookTicker","u":1875301796847,"s":"TURBOUSDT","b":"0.3261","B":"134513.4","a":"0.3262","A":"173798.4","T":1662022804570,"E":1662022804575}
{"e":"bookTicker","u":1875301797846,"s":"TURBOUSDT","b":"0.3261","B":"144013.4","a":"0.3262","A":"173798.4","T":1662022804583,"E":1662022804588}
{"e":"bookTicker","u":1875301797908,"s":"TURBOUSDT","b":"0.3261","B":"144013.4","a":"0.3262","A":"190968.4","T":1662022804584,"E":1662022804588}
{"e":"bookTicker","u":1875301798544,"s":"TURBOUSDT","b":"0.3261","B":"144013.4","a":"0.3262","A":"173798.4","T":1662022804595,"E":1662022804599}
{"e":"bookTicker","u":1875301798822,"s":"TURBOUSDT","b":"0.3261","B":"153513.4","a":"0.3262","A":"173798.4","T":1662022804600,"E":1662022804603}
{"e":"bookTicker","u":1875301798912,"s":"TURBOUSDT","b":"0.3261","B":"153513.4","a":"0.3262","A":"164298.4","T":1662022804601,"E":1662022804605}
{"e":"bookTicker","u":1875301800603,"s":"TURBOUSDT","b":"0.3261","B":"153513.4","a":"0.3262","A":"154798.4","T":1662022804619,"E":1662022804623}
{"e":"bookTicker","u":1875301801153,"s":"TURBOUSDT","b":"0.3261","B":"153513.4","a":"0.3262","A":"145298.4","T":1662022804625,"E":1662022804630}
{"e":"bookTicker","u":1875301793898,"s":"FISHUSDT","b":"0.13379","B":"550","a":"0.13382","A":"3850","T":1662022804530,"E":1662022804535}
{"e":"bookTicker","u":1875301797644,"s":"FISHUSDT","b":"0.13379","B":"550","a":"0.13380","A":"779","T":1662022804580,"E":1662022804585}
{"e":"bookTicker","u":1875301806464,"s":"TURBOUSDT","b":"0.3261","B":"161401.4","a":"0.3262","A":"145298.4","T":1662022804710,"E":1662022804715}
{"e":"bookTicker","u":1875301808609,"s":"TURBOUSDT","b":"0.3261","B":"161401.4","a":"0.3262","A":"134031.8","T":1662022804741,"E":1662022804745}
{"e":"bookTicker","u":1875301808704,"s":"TURBOUSDT","b":"0.3261","B":"168261.8","a":"0.3262","A":"134031.8","T":1662022804743,"E":1662022804746}
{"e":"bookTicker","u":1875301810361,"s":"TURBOUSDT","b":"0.3261","B":"168261.8","a":"0.3262","A":"98150.3","T":1662022804781,"E":1662022804785}
{"e":"bookTicker","u":1875301810390,"s":"TURBOUSDT","b":"0.3261","B":"168261.8","a":"0.3262","A":"115781.2","T":1662022804782,"E":1662022804787}
{"e":"bookTicker","u":1875301810398,"s":"TURBOUSDT","b":"0.3261","B":"172279.8","a":"0.3262","A":"115781.2","T":1662022804782,"E":1662022804787}
{"e":"bookTicker","u":1875301813556,"s":"TURBOUSDT","b":"0.3261","B":"172740.4","a":"0.3262","A":"115781.2","T":1662022804858,"E":1662022804863}
{"e":"bookTicker","u":1875301814322,"s":"TURBOUSDT","b":"0.3261","B":"172740.4","a":"0.3262","A":"114904.7","T":1662022804881,"E":1662022804886}
{"e":"bookTicker","u":1875301814625,"s":"TURBOUSDT","b":"0.3261","B":"172740.4","a":"0.3262","A":"108847.0","T":1662022804890,"E":1662022804895}
{"e":"bookTicker","u":1875301814696,"s":"TURBOUSDT","b":"0.3261","B":"172740.4","a":"0.3262","A":"79542.7","T":1662022804892,"E":1662022804897}
{"e":"bookTicker","u":1875301815472,"s":"TURBOUSDT","b":"0.3261","B":"174066.0","a":"0.3262","A":"79542.7","T":1662022804916,"E":1662022804920}
{"e":"bookTicker","u":1875301816923,"s":"TURBOUSDT","b":"0.3261","B":"174066.0","a":"0.3262","A":"74518.8","T":1662022804963,"E":1662022804967}
{"e":"bookTicker","u":1875301817197,"s":"TURBOUSDT","b":"0.3261","B":"203670.0","a":"0.3262","A":"74518.8","T":1662022804973,"E":1662022804977}
{"e":"bookTicker","u":1875301817206,"s":"TURBOUSDT","b":"0.3261","B":"203670.0","a":"0.3262","A":"56887.9","T":1662022804973,"E":1662022804977}
{"e":"bookTicker","u":1875301817251,"s":"TURBOUSDT","b":"0.3261","B":"203670.0","a":"0.3262","A":"38121.9","T":1662022804976,"E":1662022804981}
{"e":"bookTicker","u":1875301817485,"s":"TURBOUSDT","b":"0.3261","B":"203670.0","a":"0.3262","A":"47313.4","T":1662022804982,"E":1662022804986}
{"e":"bookTicker","u":1875301817520,"s":"TURBOUSDT","b":"0.3261","B":"203670.0","a":"0.3262","A":"38121.9","T":1662022804982,"E":1662022804986}
{"e":"bookTicker","u":1875301817561,"s":"TURBOUSDT","b":"0.3261","B":"221462.3","a":"0.3262","A":"38121.9","T":1662022804984,"E":1662022804988}
{"e":"bookTicker","u":1875301817789,"s":"TURBOUSDT","b":"0.3261","B":"203670.0","a":"0.3262","A":"38121.9","T":1662022804992,"E":1662022804998}
{"e":"bookTicker","u":1875301818355,"s":"TURBOUSDT","b":"0.3261","B":"204622.2","a":"0.3262","A":"38121.9","T":1662022805007,"E":1662022805012}
{"e":"bookTicker","u":1875301821417,"s":"TURBOUSDT","b":"0.3261","B":"204928.9","a":"0.3262","A":"38121.9","T":1662022805087,"E":1662022805092}
{"e":"bookTicker","u":1875301822016,"s":"TURBOUSDT","b":"0.3261","B":"222107.6","a":"0.3262","A":"38121.9","T":1662022805103,"E":1662022805107}
{"e":"bookTicker","u":1875301822143,"s":"TURBOUSDT","b":"0.3261","B":"221535.5","a":"0.3262","A":"38121.9","T":1662022805106,"E":1662022805111}
{"e":"bookTicker","u":1875301822256,"s":"TURBOUSDT","b":"0.3261","B":"216467.1","a":"0.3262","A":"38121.9","T":1662022805109,"E":1662022805115}
{"e":"bookTicker","u":1875301822514,"s":"TURBOUSDT","b":"0.3261","B":"217055.4","a":"0.3262","A":"38121.9","T":1662022805115,"E":1662022805121}
{"e":"bookTicker","u":1875301822713,"s":"TURBOUSDT","b":"0.3261","B":"222125.6","a":"0.3262","A":"38121.9","T":1662022805122,"E":1662022805126}
{"e":"bookTicker","u":1875301823599,"s":"TURBOUSDT","b":"0.3261","B":"222125.6","a":"0.3262","A":"37078.9","T":1662022805148,"E":1662022805153}
{"e":"bookTicker","u":1875301823869,"s":"TURBOUSDT","b":"0.3261","B":"222125.6","a":"0.3262","A":"36778.9","T":1662022805157,"E":1662022805161}
{"e":"bookTicker","u":1875301824505,"s":"TURBOUSDT","b":"0.3261","B":"224900.6","a":"0.3262","A":"36778.9","T":1662022805176,"E":1662022805182}
{"e":"bookTicker","u":1875301827286,"s":"TURBOUSDT","b":"0.3261","B":"224440.0","a":"0.3262","A":"36778.9","T":1662022805257,"E":1662022805263}
{"e":"bookTicker","u":1875301827914,"s":"TURBOUSDT","b":"0.3261","B":"207261.3","a":"0.3262","A":"36778.9","T":1662022805276,"E":1662022805280}
{"e":"bookTicker","u":1875301828610,"s":"TURBOUSDT","b":"0.3261","B":"219710.2","a":"0.3262","A":"36778.9","T":1662022805299,"E":1662022805303}
{"e":"bookTicker","u":1875301829557,"s":"TURBOUSDT","b":"0.3261","B":"238576.1","a":"0.3262","A":"36778.9","T":1662022805332,"E":1662022805336}
{"e":"bookTicker","u":1875301832643,"s":"TURBOUSDT","b":"0.3261","B":"235801.1","a":"0.3262","A":"36778.9","T":1662022805416,"E":1662022805421}
{"e":"bookTicker","u":1875301834016,"s":"TURBOUSDT","b":"0.3261","B":"235366.2","a":"0.3262","A":"36778.9","T":1662022805439,"E":1662022805443}
{"e":"bookTicker","u":1875301834119,"s":"TURBOUSDT","b":"0.3261","B":"216500.3","a":"0.3262","A":"36778.9","T":1662022805441,"E":1662022805446}
{"e":"bookTicker","u":1875301834599,"s":"TURBOUSDT","b":"0.3261","B":"216934.3","a":"0.3262","A":"36778.9","T":1662022805446,"E":1662022805451}
{"e":"bookTicker","u":1875301834870,"s":"TURBOUSDT","b":"0.3261","B":"216934.3","a":"0.3262","A":"46278.9","T":1662022805450,"E":1662022805455}
{"e":"bookTicker","u":1875301835184,"s":"TURBOUSDT","b":"0.3261","B":"216934.3","a":"0.3262","A":"55778.9","T":1662022805453,"E":1662022805458}
{"e":"bookTicker","u":1875301835203,"s":"TURBOUSDT","b":"0.3261","B":"216934.3","a":"0.3262","A":"65278.9","T":1662022805453,"E":1662022805458}
{"e":"bookTicker","u":1875301835552,"s":"TURBOUSDT","b":"0.3261","B":"217886.5","a":"0.3262","A":"65278.9","T":1662022805457,"E":1662022805461}
{"e":"bookTicker","u":1875301835558,"s":"TURBOUSDT","b":"0.3261","B":"216934.3","a":"0.3262","A":"65278.9","T":1662022805457,"E":1662022805461}
{"e":"bookTicker","u":1875301836985,"s":"TURBOUSDT","b":"0.3261","B":"215982.1","a":"0.3262","A":"65278.9","T":1662022805469,"E":1662022805473}
{"e":"bookTicker","u":1875301842931,"s":"TURBOUSDT","b":"0.3261","B":"215982.1","a":"0.3262","A":"64881.4","T":1662022805547,"E":1662022805552}
{"e":"bookTicker","u":1875301843531,"s":"TURBOUSDT","b":"0.3261","B":"215982.1","a":"0.3262","A":"55381.4","T":1662022805560,"E":1662022805565}
{"e":"bookTicker","u":1875301846955,"s":"TURBOUSDT","b":"0.3261","B":"215982.1","a":"0.3262","A":"45881.4","T":1662022805650,"E":1662022805655}
{"e":"bookTicker","u":1875301847122,"s":"TURBOUSDT","b":"0.3261","B":"215982.1","a":"0.3262","A":"44175.0","T":1662022805654,"E":1662022805659}
{"e":"bookTicker","u":1875301847256,"s":"TURBOUSDT","b":"0.3261","B":"215982.1","a":"0.3262","A":"34675.0","T":1662022805658,"E":1662022805663}
{"e":"bookTicker","u":1875301847551,"s":"TURBOUSDT","b":"0.3261","B":"219072.9","a":"0.3262","A":"34675.0","T":1662022805666,"E":1662022805672}
{"e":"bookTicker","u":1875301848142,"s":"TURBOUSDT","b":"0.3261","B":"219072.9","a":"0.3262","A":"32729.2","T":1662022805682,"E":1662022805689}
{"e":"bookTicker","u":1875301848718,"s":"TURBOUSDT","b":"0.3261","B":"206624.0","a":"0.3262","A":"32729.2","T":1662022805697,"E":1662022805703}
{"e":"bookTicker","u":1875301849417,"s":"TURBOUSDT","b":"0.3261","B":"209399.0","a":"0.3262","A":"32729.2","T":1662022805714,"E":1662022805719}
{"e":"bookTicker","u":1875301849423,"s":"FISHUSDT","b":"0.13379","B":"550","a":"0.13380","A":"3081","T":1662022805714,"E":1662022805719}
{"e":"bookTicker","u":1875301850612,"s":"TURBOUSDT","b":"0.3261","B":"215873.7","a":"0.3262","A":"32729.2","T":1662022805744,"E":1662022805749}
{"e":"bookTicker","u":1875301851147,"s":"TURBOUSDT","b":"0.3261","B":"213098.7","a":"0.3262","A":"32729.2","T":1662022805755,"E":1662022805759}
{"e":"bookTicker","u":1875301851385,"s":"TURBOUSDT","b":"0.3261","B":"228590.2","a":"0.3262","A":"32729.2","T":1662022805760,"E":1662022805765}
{"e":"bookTicker","u":1875301853893,"s":"TURBOUSDT","b":"0.3261","B":"213098.7","a":"0.3262","A":"32729.2","T":1662022805815,"E":1662022805820}
{"e":"bookTicker","u":1875301854959,"s":"TURBOUSDT","b":"0.3261","B":"229510.5","a":"0.3262","A":"32729.2","T":1662022805840,"E":1662022805845}
{"e":"bookTicker","u":1875301856798,"s":"TURBOUSDT","b":"0.3261","B":"213098.7","a":"0.3262","A":"32729.2","T":1662022805886,"E":1662022805890}
{"e":"bookTicker","u":1875301857905,"s":"TURBOUSDT","b":"0.3261","B":"231811.2","a":"0.3262","A":"32729.2","T":1662022805916,"E":1662022805922}
{"e":"bookTicker","u":1875301860849,"s":"TURBOUSDT","b":"0.3261","B":"232763.4","a":"0.3262","A":"32729.2","T":1662022806004,"E":1662022806010}
{"e":"bookTicker","u":1875301862835,"s":"TURBOUSDT","b":"0.3261","B":"214050.9","a":"0.3262","A":"32729.2","T":1662022806061,"E":1662022806067}
{"e":"bookTicker","u":1875301863105,"s":"TURBOUSDT","b":"0.3261","B":"214050.9","a":"0.3262","A":"32309.0","T":1662022806069,"E":1662022806074}
{"e":"bookTicker","u":1875301866965,"s":"TURBOUSDT","b":"0.3261","B":"233223.6","a":"0.3262","A":"32309.0","T":1662022806165,"E":1662022806169}
{"e":"bookTicker","u":1875301871533,"s":"TURBOUSDT","b":"0.3261","B":"214050.9","a":"0.3262","A":"32309.0","T":1662022806287,"E":1662022806291}
{"e":"bookTicker","u":1875301872841,"s":"TURBOUSDT","b":"0.3261","B":"208980.7","a":"0.3262","A":"32309.0","T":1662022806332,"E":1662022806338}
{"e":"bookTicker","u":1875301873039,"s":"TURBOUSDT","b":"0.3261","B":"214106.4","a":"0.3262","A":"32309.0","T":1662022806338,"E":1662022806343}
{"e":"bookTicker","u":1875301873264,"s":"TURBOUSDT","b":"0.3261","B":"232515.7","a":"0.3262","A":"32309.0","T":1662022806345,"E":1662022806351}
{"e":"bookTicker","u":1875301873574,"s":"TURBOUSDT","b":"0.3261","B":"232515.7","a":"0.3262","A":"32206.4","T":1662022806355,"E":1662022806360}
{"e":"bookTicker","u":1875301879170,"s":"TURBOUSDT","b":"0.3261","B":"232415.4","a":"0.3262","A":"32206.4","T":1662022806527,"E":1662022806531}
{"e":"bookTicker","u":1875301879462,"s":"TURBOUSDT","b":"0.3261","B":"232515.6","a":"0.3262","A":"32206.4","T":1662022806535,"E":1662022806541}
{"e":"bookTicker","u":1875301881143,"s":"TURBOUSDT","b":"0.3261","B":"232440.1","a":"0.3262","A":"32206.4","T":1662022806592,"E":1662022806596}
{"e":"bookTicker","u":1875301881261,"s":"TURBOUSDT","b":"0.3261","B":"232746.7","a":"0.3262","A":"32206.4","T":1662022806595,"E":1662022806600}
{"e":"bookTicker","u":1875301887624,"s":"TURBOUSDT","b":"0.3261","B":"232746.7","a":"0.3262","A":"32164.4","T":1662022806788,"E":1662022806792}
{"e":"bookTicker","u":1875301892885,"s":"TURBOUSDT","b":"0.3261","B":"214337.4","a":"0.3262","A":"32164.4","T":1662022806990,"E":1662022806995}
{"e":"bookTicker","u":1875301893054,"s":"TURBOUSDT","b":"0.3261","B":"233820.6","a":"0.3262","A":"32164.4","T":1662022806996,"E":1662022807001}
{"e":"bookTicker","u":1875301897859,"s":"TURBOUSDT","b":"0.3261","B":"233232.3","a":"0.3262","A":"32164.4","T":1662022807125,"E":1662022807130}
{"e":"bookTicker","u":1875301898160,"s":"TURBOUSDT","b":"0.3261","B":"245681.2","a":"0.3262","A":"32164.4","T":1662022807135,"E":1662022807140}
{"e":"bookTicker","u":1875301898398,"s":"TURBOUSDT","b":"0.3261","B":"240555.5","a":"0.3262","A":"32164.4","T":1662022807143,"E":1662022807148}
{"e":"bookTicker","u":1875301898578,"s":"TURBOUSDT","b":"0.3261","B":"245674.0","a":"0.3262","A":"32164.4","T":1662022807149,"E":1662022807154}
{"e":"bookTicker","u":1875301899645,"s":"TURBOUSDT","b":"0.3261","B":"246281.7","a":"0.3262","A":"32164.4","T":1662022807181,"E":1662022807186}
{"e":"bookTicker","u":1875301904636,"s":"TURBOUSDT","b":"0.3261","B":"233832.8","a":"0.3262","A":"32164.4","T":1662022807366,"E":1662022807371}
{"e":"bookTicker","u":1875301904877,"s":"TURBOUSDT","b":"0.3261","B":"233832.8","a":"0.3262","A":"31114.9","T":1662022807371,"E":1662022807376}
{"e":"bookTicker","u":1875301905480,"s":"TURBOUSDT","b":"0.3261","B":"214349.6","a":"0.3262","A":"31114.9","T":1662022807392,"E":1662022807394}
{"e":"bookTicker","u":1875301907495,"s":"TURBOUSDT","b":"0.3261","B":"232298.8","a":"0.3262","A":"31114.9","T":1662022807447,"E":1662022807451}
{"e":"bookTicker","u":1875301908378,"s":"TURBOUSDT","b":"0.3261","B":"235073.8","a":"0.3262","A":"31114.9","T":1662022807469,"E":1662022807473}
{"e":"bookTicker","u":1875301913583,"s":"TURBOUSDT","b":"0.3261","B":"250560.9","a":"0.3262","A":"31114.9","T":1662022807638,"E":1662022807642}
{"e":"bookTicker","u":1875301914187,"s":"TURBOUSDT","b":"0.3261","B":"232611.7","a":"0.3262","A":"31114.9","T":1662022807653,"E":1662022807658}
{"e":"bookTicker","u":1875301914212,"s":"TURBOUSDT","b":"0.3261","B":"233261.2","a":"0.3262","A":"31114.9","T":1662022807653,"E":1662022807658}
{"e":"bookTicker","u":1875301914392,"s":"TURBOUSDT","b":"0.3261","B":"230486.2","a":"0.3262","A":"31114.9","T":1662022807658,"E":1662022807662}
{"e":"bookTicker","u":1875301914494,"s":"TURBOUSDT","b":"0.3261","B":"214999.1","a":"0.3262","A":"31114.9","T":1662022807660,"E":1662022807666}
{"e":"bookTicker","u":1875301916338,"s":"TURBOUSDT","b":"0.3261","B":"214999.1","a":"0.3262","A":"40614.9","T":1662022807702,"E":1662022807707}
{"e":"bookTicker","u":1875301917588,"s":"TURBOUSDT","b":"0.3261","B":"214999.1","a":"0.3262","A":"50114.9","T":1662022807715,"E":1662022807720}
{"e":"bookTicker","u":1875301917789,"s":"TURBOUSDT","b":"0.3261","B":"234022.2","a":"0.3262","A":"50114.9","T":1662022807717,"E":1662022807723}
{"e":"bookTicker","u":1875301919874,"s":"TURBOUSDT","b":"0.3261","B":"233123.8","a":"0.3262","A":"50114.9","T":1662022807740,"E":1662022807745}
{"e":"bookTicker","u":1875301920382,"s":"TURBOUSDT","b":"0.3261","B":"233123.8","a":"0.3262","A":"56172.6","T":1662022807750,"E":1662022807756}
{"e":"bookTicker","u":1875301920436,"s":"TURBOUSDT","b":"0.3261","B":"233123.8","a":"0.3262","A":"61172.6","T":1662022807750,"E":1662022807756}
{"e":"bookTicker","u":1875301920445,"s":"TURBOUSDT","b":"0.3261","B":"233123.8","a":"0.3262","A":"86727.7","T":1662022807751,"E":1662022807756}
{"e":"bookTicker","u":1875301920593,"s":"TURBOUSDT","b":"0.3261","B":"232171.6","a":"0.3262","A":"86727.7","T":1662022807753,"E":1662022807757}
{"e":"bookTicker","u":1875301920728,"s":"TURBOUSDT","b":"0.3261","B":"232171.6","a":"0.3262","A":"112282.8","T":1662022807756,"E":1662022807761}
{"e":"bookTicker","u":1875301921027,"s":"TURBOUSDT","b":"0.3261","B":"229080.8","a":"0.3262","A":"112282.8","T":1662022807760,"E":1662022807765}
{"e":"bookTicker","u":1875301921797,"s":"FISHUSDT","b":"0.13379","B":"550","a":"0.13380","A":"1333","T":1662022807772,"E":1662022807778}
{"e":"bookTicker","u":1875301922326,"s":"TURBOUSDT","b":"0.3261","B":"229080.8","a":"0.3262","A":"107282.8","T":1662022807779,"E":1662022807785}
{"e":"bookTicker","u":1875301926025,"s":"TURBOUSDT","b":"0.3261","B":"229080.8","a":"0.3262","A":"116782.8","T":1662022807842,"E":1662022807845}
{"e":"bookTicker","u":1875301926666,"s":"TURBOUSDT","b":"0.3261","B":"229080.8","a":"0.3262","A":"91227.7","T":1662022807857,"E":1662022807862}
{"e":"bookTicker","u":1875301926719,"s":"TURBOUSDT","b":"0.3261","B":"229080.8","a":"0.3262","A":"65672.6","T":1662022807858,"E":1662022807864}
{"e":"bookTicker","u":1875301927803,"s":"TURBOUSDT","b":"0.3261","B":"228941.8","a":"0.3262","A":"65672.6","T":1662022807882,"E":1662022807887}
{"e":"bookTicker","u":1875301931761,"s":"TURBOUSDT","b":"0.3261","B":"233608.5","a":"0.3262","A":"65672.6","T":1662022808003,"E":1662022808009}
{"e":"bookTicker","u":1875301934983,"s":"TURBOUSDT","b":"0.3261","B":"214585.4","a":"0.3262","A":"65672.6","T":1662022808060,"E":1662022808064}
{"e":"bookTicker","u":1875301936283,"s":"TURBOUSDT","b":"0.3261","B":"232841.4","a":"0.3262","A":"65672.6","T":1662022808074,"E":1662022808078}
{"e":"bookTicker","u":1875301937771,"s":"TURBOUSDT","b":"0.3261","B":"232841.4","a":"0.3262","A":"56172.6","T":1662022808103,"E":1662022808107}
{"e":"bookTicker","u":1875301937827,"s":"TURBOUSDT","b":"0.3261","B":"233793.6","a":"0.3262","A":"56172.6","T":1662022808105,"E":1662022808109}
{"e":"bookTicker","u":1875301937849,"s":"TURBOUSDT","b":"0.3261","B":"233793.6","a":"0.3262","A":"46672.6","T":1662022808105,"E":1662022808109}
{"e":"bookTicker","u":1875301937851,"s":"TURBOUSDT","b":"0.3261","B":"233793.6","a":"0.3262","A":"37172.6","T":1662022808105,"E":1662022808109}
{"e":"bookTicker","u":1875301938296,"s":"TURBOUSDT","b":"0.3261","B":"236884.4","a":"0.3262","A":"37172.6","T":1662022808113,"E":1662022808117}
{"e":"bookTicker","u":1875301938761,"s":"TURBOUSDT","b":"0.3261","B":"218628.4","a":"0.3262","A":"37172.6","T":1662022808123,"E":1662022808128}
{"e":"bookTicker","u":1875301939336,"s":"TURBOUSDT","b":"0.3261","B":"234890.1","a":"0.3262","A":"37172.6","T":1662022808135,"E":1662022808139}
{"e":"bookTicker","u":1875301942117,"s":"TURBOUSDT","b":"0.3261","B":"234282.4","a":"0.3262","A":"37172.6","T":1662022808189,"E":1662022808193}
{"e":"bookTicker","u":1875301942683,"s":"TURBOUSDT","b":"0.3261","B":"234920.2","a":"0.3262","A":"37172.6","T":1662022808203,"E":1662022808208}
{"e":"bookTicker","u":1875301944285,"s":"TURBOUSDT","b":"0.3261","B":"235349.9","a":"0.3262","A":"37172.6","T":1662022808247,"E":1662022808253}
{"e":"bookTicker","u":1875301945904,"s":"TURBOUSDT","b":"0.3261","B":"235349.9","a":"0.3262","A":"37472.6","T":1662022808298,"E":1662022808302}
{"e":"bookTicker","u":1875301946085,"s":"TURBOUSDT","b":"0.3261","B":"219088.2","a":"0.3262","A":"37472.6","T":1662022808300,"E":1662022808306}
{"e":"bookTicker","u":1875301946656,"s":"TURBOUSDT","b":"0.3261","B":"219088.2","a":"0.3262","A":"46972.6","T":1662022808312,"E":1662022808317}
{"e":"bookTicker","u":1875301947038,"s":"TURBOUSDT","b":"0.3261","B":"219088.2","a":"0.3262","A":"56472.6","T":1662022808319,"E":1662022808323}
{"e":"bookTicker","u":1875301947132,"s":"TURBOUSDT","b":"0.3261","B":"219088.2","a":"0.3262","A":"65972.6","T":1662022808321,"E":1662022808325}
{"e":"bookTicker","u":1875301947568,"s":"TURBOUSDT","b":"0.3261","B":"215997.4","a":"0.3262","A":"65972.6","T":1662022808328,"E":1662022808334}
{"e":"bookTicker","u":1875301948168,"s":"TURBOUSDT","b":"0.3261","B":"215045.2","a":"0.3262","A":"65972.6","T":1662022808339,"E":1662022808344}
{"e":"bookTicker","u":1875301948791,"s":"TURBOUSDT","b":"0.3261","B":"232994.4","a":"0.3262","A":"65972.6","T":1662022808353,"E":1662022808358}
{"e":"bookTicker","u":1875301949014,"s":"TURBOUSDT","b":"0.3261","B":"227875.9","a":"0.3262","A":"65972.6","T":1662022808355,"E":1662022808359}
{"e":"bookTicker","u":1875301949312,"s":"TURBOUSDT","b":"0.3261","B":"227875.9","a":"0.3262","A":"59914.9","T":1662022808358,"E":1662022808362}
{"e":"bookTicker","u":1875301949651,"s":"TURBOUSDT","b":"0.3261","B":"233056.7","a":"0.3262","A":"59914.9","T":1662022808361,"E":1662022808365}
{"e":"bookTicker","u":1875301950357,"s":"TURBOUSDT","b":"0.3261","B":"234008.9","a":"0.3262","A":"59914.9","T":1662022808368,"E":1662022808372}
{"e":"bookTicker","u":1875301950777,"s":"TURBOUSDT","b":"0.3261","B":"234008.9","a":"0.3262","A":"50414.9","T":1662022808371,"E":1662022808375}
{"e":"bookTicker","u":1875301951221,"s":"TURBOUSDT","b":"0.3261","B":"233056.7","a":"0.3262","A":"50414.9","T":1662022808374,"E":1662022808379}
{"e":"bookTicker","u":1875301951481,"s":"TURBOUSDT","b":"0.3261","B":"233056.7","a":"0.3262","A":"40914.9","T":1662022808376,"E":1662022808380}
{"e":"bookTicker","u":1875301953173,"s":"TURBOUSDT","b":"0.3261","B":"233056.7","a":"0.3262","A":"31414.9","T":1662022808388,"E":1662022808394}
{"e":"bookTicker","u":1875301953813,"s":"TURBOUSDT","b":"0.3261","B":"233056.7","a":"0.3262","A":"31114.9","T":1662022808394,"E":1662022808399}
{"e":"bookTicker","u":1875301954587,"s":"TURBOUSDT","b":"0.3261","B":"233056.7","a":"0.3262","A":"23952.1","T":1662022808399,"E":1662022808404}
{"e":"bookTicker","u":1875301956109,"s":"TURBOUSDT","b":"0.3261","B":"236147.5","a":"0.3262","A":"23952.1","T":1662022808407,"E":1662022808413}
{"e":"bookTicker","u":1875301956918,"s":"TURBOUSDT","b":"0.3261","B":"251634.6","a":"0.3262","A":"23952.1","T":1662022808412,"E":1662022808418}
{"e":"bookTicker","u":1875301958439,"s":"FISHUSDT","b":"0.13379","B":"2400","a":"0.13380","A":"1333","T":1662022808421,"E":1662022808428}
{"e":"bookTicker","u":1875301961433,"s":"TURBOUSDT","b":"0.3261","B":"251634.6","a":"0.3262","A":"10463.4","T":1662022808447,"E":1662022808451}
{"e":"bookTicker","u":1875301961892,"s":"TURBOUSDT","b":"0.3261","B":"246967.9","a":"0.3262","A":"10463.4","T":1662022808452,"E":1662022808456}
{"e":"bookTicker","u":1875301965154,"s":"TURBOUSDT","b":"0.3261","B":"247443.4","a":"0.3262","A":"10463.4","T":1662022808488,"E":1662022808492}
{"e":"bookTicker","u":1875301965506,"s":"TURBOUSDT","b":"0.3261","B":"246967.9","a":"0.3262","A":"10463.4","T":1662022808494,"E":1662022808498}
{"e":"bookTicker","u":1875301965775,"s":"TURBOUSDT","b":"0.3261","B":"247443.4","a":"0.3262","A":"10463.4","T":1662022808498,"E":1662022808502}
{"e":"bookTicker","u":1875301966610,"s":"TURBOUSDT","b":"0.3261","B":"246967.9","a":"0.3262","A":"10463.4","T":1662022808510,"E":1662022808514}
{"e":"bookTicker","u":1875301967816,"s":"TURBOUSDT","b":"0.3261","B":"246967.9","a":"0.3262","A":"19963.4","T":1662022808530,"E":1662022808534}
{"e":"bookTicker","u":1875301968626,"s":"TURBOUSDT","b":"0.3261","B":"246967.9","a":"0.3262","A":"10463.4","T":1662022808543,"E":1662022808548}
{"e":"bookTicker","u":1875301968651,"s":"TURBOUSDT","b":"0.3261","B":"246967.9","a":"0.3262","A":"19963.4","T":1662022808544,"E":1662022808549}
{"e":"bookTicker","u":1875301970487,"s":"TURBOUSDT","b":"0.3261","B":"246967.9","a":"0.3262","A":"10463.4","T":1662022808579,"E":1662022808584}
{"e":"bookTicker","u":1875301970993,"s":"TURBOUSDT","b":"0.3261","B":"246367.9","a":"0.3262","A":"10463.4","T":1662022808592,"E":1662022808596}
{"e":"bookTicker","u":1875301983280,"s":"TURBOUSDT","b":"0.3261","B":"248713.1","a":"0.3262","A":"10463.4","T":1662022808957,"E":1662022808961}
{"e":"bookTicker","u":1875301984954,"s":"TURBOUSDT","b":"0.3261","B":"249665.3","a":"0.3262","A":"10463.4","T":1662022809015,"E":1662022809018}
{"e":"bookTicker","u":1875301989704,"s":"TURBOUSDT","b":"0.3261","B":"250140.8","a":"0.3262","A":"10463.4","T":1662022809098,"E":1662022809107}
{"e":"bookTicker","u":1875301990395,"s":"TURBOUSDT","b":"0.3261","B":"242397.0","a":"0.3262","A":"10463.4","T":1662022809103,"E":1662022809112}
{"e":"bookTicker","u":1875301990594,"s":"TURBOUSDT","b":"0.3261","B":"242397.0","a":"0.3263","A":"284557.1","T":1662022809103,"E":1662022809112}
{"e":"bookTicker","u":1875301994238,"s":"TURBOUSDT","b":"0.3262","B":"13134.5","a":"0.3263","A":"284557.1","T":1662022809125,"E":1662022809133}
{"e":"bookTicker","u":1875301994847,"s":"TURBOUSDT","b":"0.3262","B":"15429.5","a":"0.3263","A":"284557.1","T":1662022809134,"E":1662022809138}
{"e":"bookTicker","u":1875301994977,"s":"TURBOUSDT","b":"0.3262","B":"15429.5","a":"0.3263","A":"279040.8","T":1662022809136,"E":1662022809139}
{"e":"bookTicker","u":1875301995362,"s":"TURBOUSDT","b":"0.3262","B":"30330.7","a":"0.3263","A":"279040.8","T":1662022809139,"E":1662022809143}
{"e":"bookTicker","u":1875301995918,"s":"TURBOUSDT","b":"0.3262","B":"30330.7","a":"0.3263","A":"278864.7","T":1662022809142,"E":1662022809147}
{"e":"bookTicker","u":1875301996381,"s":"TURBOUSDT","b":"0.3262","B":"30330.7","a":"0.3263","A":"275773.9","T":1662022809144,"E":1662022809150}
{"e":"bookTicker","u":1875301996550,"s":"TURBOUSDT","b":"0.3262","B":"30330.7","a":"0.3263","A":"267773.9","T":1662022809145,"E":1662022809152}
{"e":"bookTicker","u":1875301996947,"s":"TURBOUSDT","b":"0.3262","B":"30630.7","a":"0.3263","A":"267773.9","T":1662022809147,"E":1662022809155}
{"e":"bookTicker","u":1875301997112,"s":"TURBOUSDT","b":"0.3262","B":"45775.0","a":"0.3263","A":"267773.9","T":1662022809148,"E":1662022809155}
{"e":"bookTicker","u":1875301997158,"s":"TURBOUSDT","b":"0.3262","B":"51538.0","a":"0.3263","A":"267773.9","T":1662022809148,"E":1662022809155}
{"e":"bookTicker","u":1875301997199,"s":"TURBOUSDT","b":"0.3262","B":"80920.0","a":"0.3263","A":"267773.9","T":1662022809149,"E":1662022809156}
{"e":"bookTicker","u":1875301997349,"s":"TURBOUSDT","b":"0.3262","B":"86992.4","a":"0.3263","A":"267773.9","T":1662022809150,"E":1662022809158}
{"e":"bookTicker","u":1875301997806,"s":"TURBOUSDT","b":"0.3262","B":"87434.2","a":"0.3263","A":"267773.9","T":1662022809156,"E":1662022809162}
{"e":"bookTicker","u":1875301997807,"s":"TURBOUSDT","b":"0.3262","B":"87434.2","a":"0.3263","A":"278493.9","T":1662022809156,"E":1662022809162}
{"e":"bookTicker","u":1875301998676,"s":"TURBOUSDT","b":"0.3262","B":"87434.2","a":"0.3263","A":"275462.7","T":1662022809168,"E":1662022809173}
{"e":"bookTicker","u":1875301998838,"s":"TURBOUSDT","b":"0.3262","B":"87434.2","a":"0.3263","A":"290949.8","T":1662022809171,"E":1662022809175}
{"e":"bookTicker","u":1875301999010,"s":"TURBOUSDT","b":"0.3262","B":"87434.2","a":"0.3263","A":"266603.4","T":1662022809172,"E":1662022809178}
{"e":"bookTicker","u":1875301999041,"s":"TURBOUSDT","b":"0.3262","B":"93776.5","a":"0.3263","A":"266603.4","T":1662022809172,"E":1662022809178}
{"e":"bookTicker","u":1875301999687,"s":"TURBOUSDT","b":"0.3262","B":"98776.5","a":"0.3263","A":"266603.4","T":1662022809175,"E":1662022809187}
{"e":"bookTicker","u":1875302000435,"s":"TURBOUSDT","b":"0.3262","B":"105621.8","a":"0.3263","A":"266603.4","T":1662022809180,"E":1662022809192}
{"e":"bookTicker","u":1875302000463,"s":"TURBOUSDT","b":"0.3262","B":"105621.8","a":"0.3263","A":"266581.9","T":1662022809180,"E":1662022809192}
{"e":"bookTicker","u":1875302000738,"s":"TURBOUSDT","b":"0.3262","B":"106851.0","a":"0.3263","A":"266581.9","T":1662022809183,"E":1662022809194}
{"e":"bookTicker","u":1875302000833,"s":"TURBOUSDT","b":"0.3262","B":"91706.7","a":"0.3263","A":"266581.9","T":1662022809184,"E":1662022809195}
{"e":"bookTicker","u":1875302001019,"s":"TURBOUSDT","b":"0.3262","B":"91706.7","a":"0.3263","A":"266564.1","T":1662022809186,"E":1662022809198}
{"e":"bookTicker","u":1875302001387,"s":"TURBOUSDT","b":"0.3262","B":"91706.7","a":"0.3263","A":"251177.1","T":1662022809189,"E":1662022809201}
{"e":"bookTicker","u":1875302001562,"s":"TURBOUSDT","b":"0.3262","B":"91706.7","a":"0.3263","A":"251017.7","T":1662022809190,"E":1662022809202}
{"e":"bookTicker","u":1875302002734,"s":"FISHUSDT","b":"0.13379","B":"2400","a":"0.13385","A":"2777","T":1662022809198,"E":1662022809214}
{"e":"bookTicker","u":1875302003100,"s":"TURBOUSDT","b":"0.3262","B":"97764.4","a":"0.3263","A":"251017.7","T":1662022809200,"E":1662022809214}
{"e":"bookTicker","u":1875302003038,"s":"FISHUSDT","b":"0.13380","B":"1850","a":"0.13385","A":"2777","T":1662022809200,"E":1662022809214}
{"e":"bookTicker","u":1875302003842,"s":"TURBOUSDT","b":"0.3262","B":"97764.4","a":"0.3263","A":"251000.8","T":1662022809205,"E":1662022809221}
{"e":"bookTicker","u":1875302004183,"s":"TURBOUSDT","b":"0.3262","B":"97764.4","a":"0.3263","A":"250413.8","T":1662022809207,"E":1662022809222}
{"e":"bookTicker","u":1875302004221,"s":"TURBOUSDT","b":"0.3262","B":"97764.4","a":"0.3263","A":"239668.2","T":1662022809207,"E":1662022809222}
{"e":"bookTicker","u":1875302004657,"s":"TURBOUSDT","b":"0.3262","B":"97764.4","a":"0.3263","A":"258831.2","T":1662022809209,"E":1662022809225}
{"e":"bookTicker","u":1875302004712,"s":"TURBOUSDT","b":"0.3262","B":"97764.4","a":"0.3263","A":"258933.8","T":1662022809210,"E":1662022809225}
{"e":"bookTicker","u":1875302005041,"s":"TURBOUSDT","b":"0.3262","B":"107264.4","a":"0.3263","A":"258933.8","T":1662022809212,"E":1662022809228}
{"e":"bookTicker","u":1875302005227,"s":"TURBOUSDT","b":"0.3262","B":"116764.4","a":"0.3263","A":"258933.8","T":1662022809213,"E":1662022809228}
{"e":"bookTicker","u":1875302006048,"s":"TURBOUSDT","b":"0.3262","B":"116764.4","a":"0.3263","A":"255868.3","T":1662022809219,"E":1662022809233}
{"e":"bookTicker","u":1875302006078,"s":"TURBOUSDT","b":"0.3262","B":"117798.5","a":"0.3263","A":"255868.3","T":1662022809219,"E":1662022809233}
{"e":"bookTicker","u":1875302007315,"s":"TURBOUSDT","b":"0.3262","B":"119744.3","a":"0.3263","A":"255868.3","T":1662022809228,"E":1662022809241}
{"e":"bookTicker","u":1875302007832,"s":"TURBOUSDT","b":"0.3262","B":"119744.3","a":"0.3263","A":"265368.3","T":1662022809231,"E":1662022809242}
{"e":"bookTicker","u":1875302008123,"s":"TURBOUSDT","b":"0.3262","B":"129244.3","a":"0.3263","A":"265368.3","T":1662022809233,"E":1662022809245}
{"e":"bookTicker","u":1875302008304,"s":"TURBOUSDT","b":"0.3262","B":"138744.3","a":"0.3263","A":"265368.3","T":1662022809235,"E":1662022809246}
{"e":"bookTicker","u":1875302009195,"s":"TURBOUSDT","b":"0.3262","B":"141809.4","a":"0.3263","A":"265368.3","T":1662022809241,"E":1662022809251}
{"e":"bookTicker","u":1875302009520,"s":"TURBOUSDT","b":"0.3262","B":"141809.4","a":"0.3263","A":"265214.4","T":1662022809243,"E":1662022809254}
{"e":"bookTicker","u":1875302009570,"s":"TURBOUSDT","b":"0.3262","B":"141809.4","a":"0.3263","A":"255714.4","T":1662022809244,"E":1662022809254}
{"e":"bookTicker","u":1875302011758,"s":"TURBOUSDT","b":"0.3262","B":"141809.4","a":"0.3263","A":"286350.9","T":1662022809259,"E":1662022809270}
{"e":"bookTicker","u":1875302011807,"s":"TURBOUSDT","b":"0.3262","B":"141809.4","a":"0.3263","A":"287046.6","T":1662022809259,"E":1662022809270}
{"e":"bookTicker","u":1875302012453,"s":"TURBOUSDT","b":"0.3262","B":"142397.4","a":"0.3263","A":"287046.6","T":1662022809263,"E":1662022809275}
{"e":"bookTicker","u":1875302012549,"s":"TURBOUSDT","b":"0.3262","B":"150429.6","a":"0.3263","A":"287046.6","T":1662022809264,"E":1662022809276}
{"e":"bookTicker","u":1875302013249,"s":"TURBOUSDT","b":"0.3262","B":"140929.6","a":"0.3263","A":"287046.6","T":1662022809269,"E":1662022809280}
{"e":"bookTicker","u":1875302013360,"s":"FISHUSDT","b":"0.13380","B":"1850","a":"0.13385","A":"695","T":1662022809269,"E":1662022809280}
{"e":"bookTicker","u":1875302014001,"s":"TURBOUSDT","b":"0.3262","B":"144647.8","a":"0.3263","A":"287046.6","T":1662022809273,"E":1662022809284}
{"e":"bookTicker","u":1875302014020,"s":"TURBOUSDT","b":"0.3262","B":"151122.5","a":"0.3263","A":"287046.6","T":1662022809273,"E":1662022809284}
{"e":"bookTicker","u":1875302013630,"s":"FISHUSDT","b":"0.13380","B":"1850","a":"0.13386","A":"255","T":1662022809271,"E":1662022809283}
{"e":"bookTicker","u":1875302014203,"s":"TURBOUSDT","b":"0.3262","B":"151152.9","a":"0.3263","A":"287046.6","T":1662022809274,"E":1662022809288}
{"e":"bookTicker","u":1875302014393,"s":"TURBOUSDT","b":"0.3262","B":"151152.9","a":"0.3263","A":"286046.6","T":1662022809276,"E":1662022809288}
{"e":"bookTicker","u":1875302014919,"s":"TURBOUSDT","b":"0.3262","B":"151152.9","a":"0.3263","A":"264647.9","T":1662022809279,"E":1662022809290}
{"e":"bookTicker","u":1875302014934,"s":"TURBOUSDT","b":"0.3262","B":"148857.9","a":"0.3263","A":"264647.9","T":1662022809279,"E":1662022809290}
{"e":"bookTicker","u":1875302015119,"s":"TURBOUSDT","b":"0.3262","B":"150575.3","a":"0.3263","A":"264647.9","T":1662022809280,"E":1662022809297}
{"e":"bookTicker","u":1875302015328,"s":"TURBOUSDT","b":"0.3262","B":"150575.3","a":"0.3263","A":"264147.9","T":1662022809281,"E":1662022809297}
{"e":"bookTicker","u":1875302015908,"s":"TURBOUSDT","b":"0.3262","B":"155871.2","a":"0.3263","A":"264147.9","T":1662022809284,"E":1662022809302}
{"e":"bookTicker","u":1875302016375,"s":"TURBOUSDT","b":"0.3262","B":"155871.2","a":"0.3263","A":"270147.9","T":1662022809288,"E":1662022809303}
{"e":"bookTicker","u":1875302016446,"s":"FISHUSDT","b":"0.13380","B":"1850","a":"0.13385","A":"612","T":1662022809288,"E":1662022809303}
{"e":"bookTicker","u":1875302016747,"s":"TURBOUSDT","b":"0.3262","B":"155871.2","a":"0.3263","A":"269147.9","T":1662022809290,"E":1662022809303}
{"e":"bookTicker","u":1875302017408,"s":"TURBOUSDT","b":"0.3262","B":"155871.2","a":"0.3263","A":"278647.9","T":1662022809294,"E":1662022809304}
{"e":"bookTicker","u":1875302017539,"s":"TURBOUSDT","b":"0.3262","B":"155892.0","a":"0.3263","A":"278647.9","T":1662022809295,"E":1662022809306}
{"e":"bookTicker","u":1875302017647,"s":"TURBOUSDT","b":"0.3262","B":"155917.8","a":"0.3263","A":"278647.9","T":1662022809296,"E":1662022809306}
{"e":"bookTicker","u":1875302018004,"s":"TURBOUSDT","b":"0.3262","B":"154688.6","a":"0.3263","A":"278647.9","T":1662022809298,"E":1662022809306}
{"e":"bookTicker","u":1875302018065,"s":"FISHUSDT","b":"0.13380","B":"1850","a":"0.13386","A":"255","T":1662022809298,"E":1662022809306}
{"e":"bookTicker","u":1875302018538,"s":"TURBOUSDT","b":"0.3262","B":"155068.1","a":"0.3263","A":"278647.9","T":1662022809301,"E":1662022809308}
{"e":"bookTicker","u":1875302018626,"s":"TURBOUSDT","b":"0.3262","B":"155194.3","a":"0.3263","A":"278647.9","T":1662022809301,"E":1662022809308}
{"e":"bookTicker","u":1875302018693,"s":"TURBOUSDT","b":"0.3262","B":"155667.5","a":"0.3263","A":"278647.9","T":1662022809302,"E":1662022809308}
{"e":"bookTicker","u":1875302019111,"s":"TURBOUSDT","b":"0.3262","B":"155667.5","a":"0.3263","A":"259484.9","T":1662022809304,"E":1662022809309}
{"e":"bookTicker","u":1875302019591,"s":"FISHUSDT","b":"0.13381","B":"2000","a":"0.13386","A":"255","T":1662022809307,"E":1662022809311}
{"e":"bookTicker","u":1875302020185,"s":"TURBOUSDT","b":"0.3262","B":"155684.0","a":"0.3263","A":"259484.9","T":1662022809311,"E":1662022809315}
{"e":"bookTicker","u":1875302020257,"s":"TURBOUSDT","b":"0.3262","B":"155751.0","a":"0.3263","A":"259484.9","T":1662022809311,"E":1662022809315}
{"e":"bookTicker","u":1875302020822,"s":"TURBOUSDT","b":"0.3262","B":"156398.6","a":"0.3263","A":"259484.9","T":1662022809314,"E":1662022809318}
{"e":"bookTicker","u":1875302020911,"s":"TURBOUSDT","b":"0.3262","B":"156652.7","a":"0.3263","A":"259484.9","T":1662022809315,"E":1662022809318}
{"e":"bookTicker","u":1875302022447,"s":"TURBOUSDT","b":"0.3262","B":"156652.7","a":"0.3263","A":"249984.9","T":1662022809324,"E":1662022809330}
{"e":"bookTicker","u":1875302022767,"s":"TURBOUSDT","b":"0.3262","B":"156652.7","a":"0.3263","A":"240484.9","T":1662022809326,"E":1662022809331}
{"e":"bookTicker","u":1875302022839,"s":"TURBOUSDT","b":"0.3262","B":"156652.7","a":"0.3263","A":"230984.9","T":1662022809327,"E":1662022809333}
{"e":"bookTicker","u":1875302023293,"s":"TURBOUSDT","b":"0.3262","B":"157787.9","a":"0.3263","A":"230984.9","T":1662022809329,"E":1662022809336}
{"e":"bookTicker","u":1875302024669,"s":"TURBOUSDT","b":"0.3262","B":"162787.9","a":"0.3263","A":"230984.9","T":1662022809338,"E":1662022809345}
{"e":"bookTicker","u":1875302025479,"s":"TURBOUSDT","b":"0.3262","B":"168159.1","a":"0.3263","A":"230984.9","T":1662022809343,"E":1662022809355}
{"e":"bookTicker","u":1875302025987,"s":"TURBOUSDT","b":"0.3262","B":"168159.1","a":"0.3263","A":"231484.9","T":1662022809346,"E":1662022809356}
{"e":"bookTicker","u":1875302026145,"s":"TURBOUSDT","b":"0.3262","B":"168159.1","a":"0.3263","A":"230984.9","T":1662022809347,"E":1662022809357}
{"e":"bookTicker","u":1875302026951,"s":"TURBOUSDT","b":"0.3262","B":"168159.1","a":"0.3263","A":"240484.9","T":1662022809352,"E":1662022809358}
{"e":"bookTicker","u":1875302027392,"s":"TURBOUSDT","b":"0.3262","B":"168159.1","a":"0.3263","A":"249984.9","T":1662022809355,"E":1662022809360}
{"e":"bookTicker","u":1875302027715,"s":"TURBOUSDT","b":"0.3262","B":"168159.1","a":"0.3263","A":"247675.3","T":1662022809357,"E":1662022809360}
{"e":"bookTicker","u":1875302027961,"s":"TURBOUSDT","b":"0.3262","B":"168159.1","a":"0.3263","A":"257175.3","T":1662022809358,"E":1662022809361}
{"e":"bookTicker","u":1875302029903,"s":"TURBOUSDT","b":"0.3262","B":"158659.1","a":"0.3263","A":"257175.3","T":1662022809371,"E":1662022809375}
{"e":"bookTicker","u":1875302029983,"s":"FISHUSDT","b":"0.13382","B":"1850","a":"0.13386","A":"255","T":1662022809371,"E":1662022809376}
{"e":"bookTicker","u":1875302030806,"s":"TURBOUSDT","b":"0.3262","B":"158659.1","a":"0.3263","A":"257475.3","T":1662022809376,"E":1662022809381}
{"e":"bookTicker","u":1875302032879,"s":"TURBOUSDT","b":"0.3262","B":"158659.1","a":"0.3263","A":"257557.8","T":1662022809388,"E":1662022809396}
{"e":"bookTicker","u":1875302033486,"s":"TURBOUSDT","b":"0.3262","B":"186083.2","a":"0.3263","A":"257557.8","T":1662022809392,"E":1662022809401}
{"e":"bookTicker","u":1875302034115,"s":"TURBOUSDT","b":"0.3262","B":"186083.2","a":"0.3263","A":"248518.6","T":1662022809399,"E":1662022809408}
{"e":"bookTicker","u":1875302034256,"s":"TURBOUSDT","b":"0.3262","B":"189948.3","a":"0.3263","A":"248518.6","T":1662022809400,"E":1662022809408}
{"e":"bookTicker","u":1875302034901,"s":"TURBOUSDT","b":"0.3262","B":"190050.9","a":"0.3263","A":"248518.6","T":1662022809406,"E":1662022809413}
{"e":"bookTicker","u":1875302035068,"s":"TURBOUSDT","b":"0.3262","B":"196522.1","a":"0.3263","A":"248518.6","T":1662022809408,"E":1662022809416}
{"e":"bookTicker","u":1875302036436,"s":"TURBOUSDT","b":"0.3262","B":"196522.1","a":"0.3263","A":"247822.9","T":1662022809422,"E":1662022809429}
{"e":"bookTicker","u":1875302037007,"s":"TURBOUSDT","b":"0.3262","B":"196854.8","a":"0.3263","A":"247822.9","T":1662022809428,"E":1662022809435}
{"e":"bookTicker","u":1875302037505,"s":"TURBOUSDT","b":"0.3262","B":"190383.6","a":"0.3263","A":"247822.9","T":1662022809433,"E":1662022809440}
{"e":"bookTicker","u":1875302038674,"s":"TURBOUSDT","b":"0.3262","B":"184325.9","a":"0.3263","A":"247822.9","T":1662022809445,"E":1662022809450}
{"e":"bookTicker","u":1875302039116,"s":"TURBOUSDT","b":"0.3262","B":"184407.4","a":"0.3263","A":"247822.9","T":1662022809450,"E":1662022809456}
{"e":"bookTicker","u":1875302039956,"s":"TURBOUSDT","b":"0.3262","B":"184533.3","a":"0.3263","A":"247822.9","T":1662022809458,"E":1662022809463}
{"e":"bookTicker","u":1875302040453,"s":"TURBOUSDT","b":"0.3262","B":"184967.3","a":"0.3263","A":"247822.9","T":1662022809465,"E":1662022809470}
{"e":"bookTicker","u":1875302041645,"s":"TURBOUSDT","b":"0.3262","B":"184967.3","a":"0.3263","A":"243822.9","T":1662022809482,"E":1662022809487}
{"e":"bookTicker","u":1875302041668,"s":"TURBOUSDT","b":"0.3262","B":"184967.3","a":"0.3263","A":"237822.9","T":1662022809483,"E":1662022809487}
{"e":"bookTicker","u":1875302041670,"s":"TURBOUSDT","b":"0.3262","B":"184967.3","a":"0.3263","A":"235822.9","T":1662022809483,"E":1662022809487}
{"e":"bookTicker","u":1875302042428,"s":"TURBOUSDT","b":"0.3262","B":"170066.1","a":"0.3263","A":"235822.9","T":1662022809492,"E":1662022809496}
{"e":"bookTicker","u":1875302042460,"s":"TURBOUSDT","b":"0.3262","B":"173252.4","a":"0.3263","A":"235822.9","T":1662022809493,"E":1662022809497}
{"e":"bookTicker","u":1875302043621,"s":"TURBOUSDT","b":"0.3262","B":"173252.4","a":"0.3263","A":"236822.9","T":1662022809509,"E":1662022809514}
{"e":"bookTicker","u":1875302043723,"s":"TURBOUSDT","b":"0.3262","B":"173252.4","a":"0.3263","A":"237822.9","T":1662022809510,"E":1662022809516}
{"e":"bookTicker","u":1875302044088,"s":"TURBOUSDT","b":"0.3262","B":"181414.0","a":"0.3263","A":"237822.9","T":1662022809514,"E":1662022809518}
{"e":"bookTicker","u":1875302044528,"s":"TURBOUSDT","b":"0.3262","B":"173252.4","a":"0.3263","A":"237822.9","T":1662022809519,"E":1662022809524}
{"e":"bookTicker","u":1875302044696,"s":"TURBOUSDT","b":"0.3262","B":"176387.5","a":"0.3263","A":"237822.9","T":1662022809521,"E":1662022809526}
{"e":"bookTicker","u":1875302046558,"s":"TURBOUSDT","b":"0.3262","B":"182356.2","a":"0.3263","A":"237822.9","T":1662022809546,"E":1662022809552}
{"e":"bookTicker","u":1875302046878,"s":"TURBOUSDT","b":"0.3262","B":"182456.4","a":"0.3263","A":"237822.9","T":1662022809550,"E":1662022809556}
{"e":"bookTicker","u":1875302047510,"s":"TURBOUSDT","b":"0.3262","B":"182544.4","a":"0.3263","A":"237822.9","T":1662022809560,"E":1662022809564}
{"e":"bookTicker","u":1875302047758,"s":"TURBOUSDT","b":"0.3262","B":"182589.4","a":"0.3263","A":"237822.9","T":1662022809563,"E":1662022809568}
{"e":"bookTicker","u":1875302049524,"s":"TURBOUSDT","b":"0.3262","B":"182589.4","a":"0.3263","A":"240597.9","T":1662022809590,"E":1662022809594}
{"e":"bookTicker","u":1875302052159,"s":"TURBOUSDT","b":"0.3262","B":"182289.4","a":"0.3263","A":"240597.9","T":1662022809622,"E":1662022809626}
{"e":"bookTicker","u":1875302052517,"s":"TURBOUSDT","b":"0.3262","B":"176217.0","a":"0.3263","A":"240597.9","T":1662022809625,"E":1662022809629}
{"e":"bookTicker","u":1875302052525,"s":"TURBOUSDT","b":"0.3262","B":"146835.0","a":"0.3263","A":"240597.9","T":1662022809626,"E":1662022809629}
{"e":"bookTicker","u":1875302052652,"s":"TURBOUSDT","b":"0.3262","B":"146732.4","a":"0.3263","A":"240597.9","T":1662022809626,"E":1662022809631}
{"e":"bookTicker","u":1875302054048,"s":"TURBOUSDT","b":"0.3262","B":"146732.4","a":"0.3263","A":"243147.9","T":1662022809642,"E":1662022809647}
{"e":"bookTicker","u":1875302054455,"s":"TURBOUSDT","b":"0.3262","B":"146732.4","a":"0.3263","A":"240597.9","T":1662022809646,"E":1662022809650}
{"e":"bookTicker","u":1875302054657,"s":"TURBOUSDT","b":"0.3262","B":"137232.4","a":"0.3263","A":"240597.9","T":1662022809648,"E":1662022809652}
{"e":"bookTicker","u":1875302054792,"s":"TURBOUSDT","b":"0.3262","B":"127732.4","a":"0.3263","A":"240597.9","T":1662022809649,"E":1662022809653}
{"e":"bookTicker","u":1875302055698,"s":"TURBOUSDT","b":"0.3262","B":"127732.4","a":"0.3263","A":"257614.6","T":1662022809656,"E":1662022809662}
{"e":"bookTicker","u":1875302057116,"s":"TURBOUSDT","b":"0.3262","B":"123867.3","a":"0.3263","A":"257614.6","T":1662022809663,"E":1662022809671}
{"e":"bookTicker","u":1875302057160,"s":"FISHUSDT","b":"0.13382","B":"1850","a":"0.13386","A":"2105","T":1662022809663,"E":1662022809671}
{"e":"bookTicker","u":1875302057551,"s":"TURBOUSDT","b":"0.3262","B":"120732.2","a":"0.3263","A":"257614.6","T":1662022809664,"E":1662022809673}
{"e":"bookTicker","u":1875302057748,"s":"TURBOUSDT","b":"0.3262","B":"117545.9","a":"0.3263","A":"257614.6","T":1662022809666,"E":1662022809676}
{"e":"bookTicker","u":1875302060168,"s":"TURBOUSDT","b":"0.3262","B":"117545.9","a":"0.3263","A":"280175.0","T":1662022809686,"E":1662022809691}
{"e":"bookTicker","u":1875302060393,"s":"TURBOUSDT","b":"0.3262","B":"123943.0","a":"0.3263","A":"280175.0","T":1662022809688,"E":1662022809693}
{"e":"bookTicker","u":1875302061613,"s":"FISHUSDT","b":"0.13381","B":"640","a":"0.13386","A":"2105","T":1662022809697,"E":1662022809703}
{"e":"bookTicker","u":1875302064125,"s":"TURBOUSDT","b":"0.3262","B":"118943.0","a":"0.3263","A":"280175.0","T":1662022809715,"E":1662022809720}
{"e":"bookTicker","u":1875302065150,"s":"TURBOUSDT","b":"0.3262","B":"116997.2","a":"0.3263","A":"280175.0","T":1662022809723,"E":1662022809727}
{"e":"bookTicker","u":1875302066093,"s":"TURBOUSDT","b":"0.3262","B":"116997.2","a":"0.3263","A":"282175.0","T":1662022809729,"E":1662022809735}
{"e":"bookTicker","u":1875302066224,"s":"TURBOUSDT","b":"0.3262","B":"116997.2","a":"0.3263","A":"284725.0","T":1662022809730,"E":1662022809736}
{"e":"bookTicker","u":1875302066748,"s":"FISHUSDT","b":"0.13381","B":"640","a":"0.13385","A":"13434","T":1662022809734,"E":1662022809741}
{"e":"bookTicker","u":1875302066975,"s":"TURBOUSDT","b":"0.3262","B":"116997.2","a":"0.3263","A":"288725.0","T":1662022809735,"E":1662022809741}
{"e":"bookTicker","u":1875302067406,"s":"TURBOUSDT","b":"0.3262","B":"116997.2","a":"0.3263","A":"291275.0","T":1662022809738,"E":1662022809744}
{"e":"bookTicker","u":1875302069024,"s":"FISHUSDT","b":"0.13380","B":"2518","a":"0.13385","A":"13434","T":1662022809751,"E":1662022809755}
{"e":"bookTicker","u":1875302070631,"s":"FISHUSDT","b":"0.13380","B":"2518","a":"0.13385","A":"16434","T":1662022809762,"E":1662022809767}
{"e":"bookTicker","u":1875302067985,"s":"TURBOUSDT","b":"0.3262","B":"116997.2","a":"0.3263","A":"296275.0","T":1662022809744,"E":1662022809748}
{"e":"bookTicker","u":1875302075468,"s":"FISHUSDT","b":"0.13380","B":"2518","a":"0.13384","A":"1626","T":1662022809804,"E":1662022809809}
{"e":"bookTicker","u":1875302070667,"s":"TURBOUSDT","b":"0.3262","B":"116997.2","a":"0.3263","A":"301275.0","T":1662022809762,"E":1662022809767}
{"e":"bookTicker","u":1875302072154,"s":"TURBOUSDT","b":"0.3262","B":"116997.2","a":"0.3263","A":"297275.0","T":1662022809774,"E":1662022809779}
{"e":"bookTicker","u":1875302072240,"s":"TURBOUSDT","b":"0.3262","B":"116997.2","a":"0.3263","A":"295275.0","T":1662022809774,"E":1662022809780}
{"e":"bookTicker","u":1875302072936,"s":"TURBOUSDT","b":"0.3262","B":"116871.0","a":"0.3263","A":"295275.0","T":1662022809782,"E":1662022809787}
{"e":"bookTicker","u":1875302074052,"s":"TURBOUSDT","b":"0.3262","B":"89446.9","a":"0.3263","A":"295275.0","T":1662022809793,"E":1662022809798}
{"e":"bookTicker","u":1875302074963,"s":"TURBOUSDT","b":"0.3262","B":"89580.2","a":"0.3263","A":"295275.0","T":1662022809799,"E":1662022809806}
{"e":"bookTicker","u":1875302075264,"s":"TURBOUSDT","b":"0.3262","B":"89580.2","a":"0.3263","A":"297275.0","T":1662022809802,"E":1662022809806}
{"e":"bookTicker","u":1875302075476,"s":"TURBOUSDT","b":"0.3262","B":"89580.2","a":"0.3263","A":"305275.0","T":1662022809804,"E":1662022809809}
{"e":"bookTicker","u":1875302075524,"s":"TURBOUSDT","b":"0.3262","B":"83611.5","a":"0.3263","A":"305275.0","T":1662022809804,"E":1662022809809}
{"e":"bookTicker","u":1875302075677,"s":"TURBOUSDT","b":"0.3262","B":"83611.5","a":"0.3263","A":"309275.0","T":1662022809806,"E":1662022809810}
{"e":"bookTicker","u":1875302077241,"s":"TURBOUSDT","b":"0.3262","B":"83611.5","a":"0.3263","A":"306725.0","T":1662022809821,"E":1662022809826}
{"e":"bookTicker","u":1875302078677,"s":"TURBOUSDT","b":"0.3262","B":"83611.5","a":"0.3263","A":"298725.0","T":1662022809835,"E":1662022809838}
{"e":"bookTicker","u":1875302079805,"s":"TURBOUSDT","b":"0.3262","B":"83611.5","a":"0.3263","A":"304725.0","T":1662022809845,"E":1662022809850}
{"e":"bookTicker","u":1875302080817,"s":"FISHUSDT","b":"0.13380","B":"2518","a":"0.13384","A":"3626","T":1662022809855,"E":1662022809858}
{"e":"bookTicker","u":1875302082088,"s":"TURBOUSDT","b":"0.3262","B":"83569.7","a":"0.3263","A":"304725.0","T":1662022809868,"E":1662022809873}
{"e":"bookTicker","u":1875302083062,"s":"TURBOUSDT","b":"0.3262","B":"83569.7","a":"0.3263","A":"307275.0","T":1662022809880,"E":1662022809885}
{"e":"bookTicker","u":1875302083442,"s":"TURBOUSDT","b":"0.3262","B":"83569.7","a":"0.3263","A":"304725.0","T":1662022809886,"E":1662022809890}
{"e":"bookTicker","u":1875302084141,"s":"FISHUSDT","b":"0.13380","B":"668","a":"0.13384","A":"3626","T":1662022809895,"E":1662022809899}
{"e":"bookTicker","u":1875302084649,"s":"TURBOUSDT","b":"0.3262","B":"83569.7","a":"0.3263","A":"302175.0","T":1662022809902,"E":1662022809906}
{"e":"bookTicker","u":1875302086276,"s":"FISHUSDT","b":"0.13380","B":"668","a":"0.13383","A":"3000","T":1662022809923,"E":1662022809927}
{"e":"bookTicker","u":1875302086611,"s":"TURBOUSDT","b":"0.3262","B":"83569.7","a":"0.3263","A":"331338.6","T":1662022809928,"E":1662022809931}
{"e":"bookTicker","u":1875302086784,"s":"TURBOUSDT","b":"0.3262","B":"80504.6","a":"0.3263","A":"331338.6","T":1662022809930,"E":1662022809934}
{"e":"bookTicker","u":1875302089658,"s":"FISHUSDT","b":"0.13379","B":"11076","a":"0.13383","A":"3000","T":1662022809970,"E":1662022809973}
{"e":"bookTicker","u":1875302089662,"s":"FISHUSDT","b":"0.13379","B":"10436","a":"0.13383","A":"3000","T":1662022809970,"E":1662022809973}
{"e":"bookTicker","u":1875302089883,"s":"TURBOUSDT","b":"0.3262","B":"74162.3","a":"0.3263","A":"331338.6","T":1662022809974,"E":1662022809978}
{"e":"bookTicker","u":1875302090469,"s":"TURBOUSDT","b":"0.3262","B":"74162.3","a":"0.3263","A":"302175.0","T":1662022809985,"E":1662022809989}
{"e":"bookTicker","u":1875302092432,"s":"FISHUSDT","b":"0.13379","B":"12286","a":"0.13383","A":"3000","T":1662022810012,"E":1662022810017}
{"e":"bookTicker","u":1875302093840,"s":"FISHUSDT","b":"0.13379","B":"12286","a":"0.13382","A":"2000","T":1662022810032,"E":1662022810037}
{"e":"bookTicker","u":1875302098218,"s":"TURBOUSDT","b":"0.3262","B":"68866.4","a":"0.3263","A":"302175.0","T":1662022810097,"E":1662022810100}
{"e":"bookTicker","u":1875302098960,"s":"TURBOUSDT","b":"0.3262","B":"74262.3","a":"0.3263","A":"302175.0","T":1662022810105,"E":1662022810109}
{"e":"bookTicker","u":1875302101214,"s":"TURBOUSDT","b":"0.3262","B":"83762.3","a":"0.3263","A":"302175.0","T":1662022810140,"E":1662022810146}
{"e":"bookTicker","u":1875302101573,"s":"TURBOUSDT","b":"0.3262","B":"74262.3","a":"0.3263","A":"302175.0","T":1662022810147,"E":1662022810153}
{"e":"bookTicker","u":1875302103701,"s":"TURBOUSDT","b":"0.3262","B":"67865.2","a":"0.3263","A":"302175.0","T":1662022810180,"E":1662022810183}
{"e":"bookTicker","u":1875302106004,"s":"TURBOUSDT","b":"0.3262","B":"62494.0","a":"0.3263","A":"302175.0","T":1662022810223,"E":1662022810227}
{"e":"bookTicker","u":1875302106322,"s":"TURBOUSDT","b":"0.3262","B":"67930.5","a":"0.3263","A":"302175.0","T":1662022810229,"E":1662022810234}
{"e":"bookTicker","u":1875302108894,"s":"TURBOUSDT","b":"0.3262","B":"67930.5","a":"0.3263","A":"296175.0","T":1662022810290,"E":1662022810295}
{"e":"bookTicker","u":1875302108949,"s":"TURBOUSDT","b":"0.3262","B":"67930.5","a":"0.3263","A":"294175.0","T":1662022810291,"E":1662022810295}
{"e":"bookTicker","u":1875302108951,"s":"TURBOUSDT","b":"0.3262","B":"67930.5","a":"0.3263","A":"290175.0","T":1662022810291,"E":1662022810295}
{"e":"bookTicker","u":1875302109438,"s":"TURBOUSDT","b":"0.3262","B":"67930.5","a":"0.3263","A":"290675.0","T":1662022810302,"E":1662022810307}
{"e":"bookTicker","u":1875302109712,"s":"TURBOUSDT","b":"0.3262","B":"78650.5","a":"0.3263","A":"290675.0","T":1662022810308,"E":1662022810316}
{"e":"bookTicker","u":1875302110510,"s":"TURBOUSDT","b":"0.3262","B":"78002.9","a":"0.3263","A":"290675.0","T":1662022810325,"E":1662022810329}
{"e":"bookTicker","u":1875302110779,"s":"TURBOUSDT","b":"0.3262","B":"79992.2","a":"0.3263","A":"290675.0","T":1662022810331,"E":1662022810336}
{"e":"bookTicker","u":1875302110782,"s":"TURBOUSDT","b":"0.3262","B":"79992.2","a":"0.3263","A":"293188.5","T":1662022810331,"E":1662022810336}
{"e":"bookTicker","u":1875302110833,"s":"TURBOUSDT","b":"0.3262","B":"80644.7","a":"0.3263","A":"293188.5","T":1662022810332,"E":1662022810336}
{"e":"bookTicker","u":1875302110940,"s":"TURBOUSDT","b":"0.3262","B":"80644.7","a":"0.3263","A":"295738.5","T":1662022810333,"E":1662022810338}
{"e":"bookTicker","u":1875302111125,"s":"TURBOUSDT","b":"0.3262","B":"80644.7","a":"0.3263","A":"293188.5","T":1662022810337,"E":1662022810342}
{"e":"bookTicker","u":1875302112318,"s":"TURBOUSDT","b":"0.3262","B":"80644.7","a":"0.3263","A":"295738.5","T":1662022810366,"E":1662022810371}
{"e":"bookTicker","u":1875302113225,"s":"TURBOUSDT","b":"0.3262","B":"80644.7","a":"0.3263","A":"293188.5","T":1662022810390,"E":1662022810395}
{"e":"bookTicker","u":1875302113662,"s":"TURBOUSDT","b":"0.3262","B":"82644.7","a":"0.3263","A":"292584.5","T":1662022810401,"E":1662022810406}
{"e":"bookTicker","u":1875302113712,"s":"TURBOUSDT","b":"0.3262","B":"88902.4","a":"0.3263","A":"292584.5","T":1662022810403,"E":1662022810408}
{"e":"bookTicker","u":1875302113919,"s":"TURBOUSDT","b":"0.3262","B":"88902.4","a":"0.3263","A":"287584.5","T":1662022810409,"E":1662022810414}
{"e":"bookTicker","u":1875302114102,"s":"TURBOUSDT","b":"0.3262","B":"98402.4","a":"0.3263","A":"287584.5","T":1662022810414,"E":1662022810418}
{"e":"bookTicker","u":1875302114721,"s":"TURBOUSDT","b":"0.3262","B":"98402.4","a":"0.3263","A":"287527.3","T":1662022810431,"E":1662022810436}
{"e":"bookTicker","u":1875302116143,"s":"TURBOUSDT","b":"0.3262","B":"97968.4","a":"0.3263","A":"287527.3","T":1662022810472,"E":1662022810476}
{"e":"bookTicker","u":1875302116192,"s":"TURBOUSDT","b":"0.3262","B":"98139.3","a":"0.3263","A":"287527.3","T":1662022810474,"E":1662022810479}
{"e":"bookTicker","u":1875302116312,"s":"TURBOUSDT","b":"0.3262","B":"98574.5","a":"0.3263","A":"287527.3","T":1662022810478,"E":1662022810482}
{"e":"bookTicker","u":1875302116675,"s":"TURBOUSDT","b":"0.3262","B":"98574.5","a":"0.3263","A":"287027.3","T":1662022810492,"E":1662022810497}
{"e":"bookTicker","u":1875302118570,"s":"TURBOUSDT","b":"0.3262","B":"96585.2","a":"0.3263","A":"287027.3","T":1662022810544,"E":1662022810548}
{"e":"bookTicker","u":1875302118589,"s":"TURBOUSDT","b":"0.3262","B":"96585.2","a":"0.3263","A":"284513.8","T":1662022810546,"E":1662022810550}
{"e":"bookTicker","u":1875302121862,"s":"TURBOUSDT","b":"0.3262","B":"96585.2","a":"0.3263","A":"287063.8","T":1662022810642,"E":1662022810647}
{"e":"bookTicker","u":1875302122116,"s":"TURBOUSDT","b":"0.3262","B":"96585.2","a":"0.3263","A":"284513.8","T":1662022810650,"E":1662022810654}
{"e":"bookTicker","u":1875302122367,"s":"TURBOUSDT","b":"0.3262","B":"96687.8","a":"0.3263","A":"284513.8","T":1662022810658,"E":1662022810662}
{"e":"bookTicker","u":1875302122795,"s":"TURBOUSDT","b":"0.3262","B":"97020.9","a":"0.3263","A":"284513.8","T":1662022810670,"E":1662022810673}
{"e":"bookTicker","u":1875302125459,"s":"TURBOUSDT","b":"0.3262","B":"97026.4","a":"0.3263","A":"284513.8","T":1662022810768,"E":1662022810772}
{"e":"bookTicker","u":1875302134427,"s":"FISHUSDT","b":"0.13379","B":"13561","a":"0.13382","A":"2000","T":1662022811061,"E":1662022811066}
{"e":"bookTicker","u":1875302134919,"s":"FISHUSDT","b":"0.13380","B":"1850","a":"0.13382","A":"2000","T":1662022811072,"E":1662022811077}
{"e":"bookTicker","u":1875302135736,"s":"TURBOUSDT","b":"0.3262","B":"91589.9","a":"0.3263","A":"284513.8","T":1662022811093,"E":1662022811096}
{"e":"bookTicker","u":1875302135755,"s":"FISHUSDT","b":"0.13380","B":"1850","a":"0.13384","A":"4080","T":1662022811094,"E":1662022811096}
{"e":"bookTicker","u":1875302136022,"s":"FISHUSDT","b":"0.13380","B":"1850","a":"0.13384","A":"3385","T":1662022811099,"E":1662022811103}
{"e":"bookTicker","u":1875302136073,"s":"TURBOUSDT","b":"0.3262","B":"97033.2","a":"0.3263","A":"284513.8","T":1662022811101,"E":1662022811105}
{"e":"bookTicker","u":1875302136569,"s":"FISHUSDT","b":"0.13380","B":"1850","a":"0.13384","A":"1626","T":1662022811110,"E":1662022811115}
{"e":"bookTicker","u":1875302139395,"s":"FISHUSDT","b":"0.13380","B":"1850","a":"0.13382","A":"123","T":1662022811175,"E":1662022811179}
{"e":"bookTicker","u":1875302140918,"s":"FISHUSDT","b":"0.13380","B":"2490","a":"0.13382","A":"123","T":1662022811200,"E":1662022811205}
{"e":"bookTicker","u":1875302141015,"s":"TURBOUSDT","b":"0.3262","B":"106533.2","a":"0.3263","A":"284513.8","T":1662022811202,"E":1662022811206}
{"e":"bookTicker","u":1875302144588,"s":"TURBOUSDT","b":"0.3262","B":"97033.2","a":"0.3263","A":"284513.8","T":1662022811260,"E":1662022811265}
{"e":"bookTicker","u":1875302145235,"s":"TURBOUSDT","b":"0.3262","B":"97127.7","a":"0.3263","A":"284513.8","T":1662022811275,"E":1662022811279}
{"e":"bookTicker","u":1875302145363,"s":"TURBOUSDT","b":"0.3262","B":"96114.7","a":"0.3263","A":"284513.8","T":1662022811278,"E":1662022811283}
{"e":"bookTicker","u":1875302145859,"s":"TURBOUSDT","b":"0.3262","B":"96114.7","a":"0.3263","A":"267497.1","T":1662022811287,"E":1662022811291}
{"e":"bookTicker","u":1875302147116,"s":"TURBOUSDT","b":"0.3262","B":"96114.7","a":"0.3263","A":"283287.4","T":1662022811303,"E":1662022811308}
{"e":"bookTicker","u":1875302147158,"s":"TURBOUSDT","b":"0.3262","B":"95943.8","a":"0.3263","A":"283287.4","T":1662022811305,"E":1662022811310}
{"e":"bookTicker","u":1875302147812,"s":"TURBOUSDT","b":"0.3262","B":"90547.9","a":"0.3263","A":"283287.4","T":1662022811316,"E":1662022811321}
{"e":"bookTicker","u":1875302148001,"s":"TURBOUSDT","b":"0.3262","B":"91151.8","a":"0.3263","A":"283287.4","T":1662022811318,"E":1662022811324}
{"e":"bookTicker","u":1875302148272,"s":"TURBOUSDT","b":"0.3262","B":"91084.8","a":"0.3263","A":"283287.4","T":1662022811322,"E":1662022811327}
{"e":"bookTicker","u":1875302148322,"s":"TURBOUSDT","b":"0.3262","B":"91084.8","a":"0.3263","A":"278287.4","T":1662022811322,"E":1662022811328}
{"e":"bookTicker","u":1875302148304,"s":"FISHUSDT","b":"0.13380","B":"2490","a":"0.13382","A":"163","T":1662022811322,"E":1662022811327}
{"e":"bookTicker","u":1875302148592,"s":"TURBOUSDT","b":"0.3262","B":"60368.8","a":"0.3263","A":"278287.4","T":1662022811328,"E":1662022811333}
{"e":"bookTicker","u":1875302148616,"s":"TURBOUSDT","b":"0.3262","B":"60437.4","a":"0.3263","A":"278287.4","T":1662022811328,"E":1662022811334}
{"e":"bookTicker","u":1875302148807,"s":"TURBOUSDT","b":"0.3262","B":"65858.3","a":"0.3263","A":"278287.4","T":1662022811331,"E":1662022811336}
{"e":"bookTicker","u":1875302149059,"s":"TURBOUSDT","b":"0.3262","B":"64858.3","a":"0.3263","A":"278287.4","T":1662022811334,"E":1662022811339}
{"e":"bookTicker","u":1875302149063,"s":"TURBOUSDT","b":"0.3262","B":"63858.3","a":"0.3263","A":"278287.4","T":1662022811334,"E":1662022811339}
{"e":"bookTicker","u":1875302149119,"s":"TURBOUSDT","b":"0.3262","B":"63858.3","a":"0.3263","A":"283287.4","T":1662022811336,"E":1662022811341}
{"e":"bookTicker","u":1875302149185,"s":"TURBOUSDT","b":"0.3262","B":"63858.3","a":"0.3263","A":"288287.4","T":1662022811337,"E":1662022811341}
{"e":"bookTicker","u":1875302149260,"s":"TURBOUSDT","b":"0.3262","B":"63858.3","a":"0.3263","A":"291377.2","T":1662022811338,"E":1662022811343}
{"e":"bookTicker","u":1875302149494,"s":"TURBOUSDT","b":"0.3262","B":"63858.3","a":"0.3263","A":"296377.2","T":1662022811343,"E":1662022811348}
{"e":"bookTicker","u":1875302150287,"s":"TURBOUSDT","b":"0.3262","B":"62140.9","a":"0.3263","A":"296377.2","T":1662022811356,"E":1662022811361}
{"e":"bookTicker","u":1875302152436,"s":"TURBOUSDT","b":"0.3262","B":"62140.9","a":"0.3263","A":"297411.3","T":1662022811395,"E":1662022811401}
{"e":"bookTicker","u":1875302154669,"s":"TURBOUSDT","b":"0.3262","B":"52640.9","a":"0.3263","A":"297411.3","T":1662022811440,"E":1662022811445}
{"e":"bookTicker","u":1875302158455,"s":"TURBOUSDT","b":"0.3262","B":"52037.0","a":"0.3263","A":"297411.3","T":1662022811528,"E":1662022811533}
{"e":"bookTicker","u":1875302161168,"s":"FISHUSDT","b":"0.13380","B":"2490","a":"0.13382","A":"40","T":1662022811582,"E":1662022811588}
{"e":"bookTicker","u":1875302161410,"s":"FISHUSDT","b":"0.13380","B":"2490","a":"0.13381","A":"123","T":1662022811588,"E":1662022811594}
{"e":"bookTicker","u":1875302164576,"s":"TURBOUSDT","b":"0.3262","B":"52037.0","a":"0.3263","A":"292411.3","T":1662022811659,"E":1662022811664}
{"e":"bookTicker","u":1875302166253,"s":"TURBOUSDT","b":"0.3262","B":"61537.0","a":"0.3263","A":"292411.3","T":1662022811706,"E":1662022811711}
{"e":"bookTicker","u":1875302168533,"s":"FISHUSDT","b":"0.13380","B":"2490","a":"0.13381","A":"163","T":1662022811765,"E":1662022811769}
{"e":"bookTicker","u":1875302170446,"s":"TURBOUSDT","b":"0.3262","B":"61537.0","a":"0.3263","A":"287411.3","T":1662022811811,"E":1662022811816}
{"e":"bookTicker","u":1875302172095,"s":"TURBOUSDT","b":"0.3262","B":"61537.0","a":"0.3263","A":"282411.3","T":1662022811851,"E":1662022811855}
